2416 4162
333 223 350 281 3
373 238 461 282 sarr.
479 254 517 265 -
534 237 561 281 s.
587 236 748 281 simroms
772 235 866 280 corr.
1053 221 1089 278 19

102 355 166 412 seq.
190 338 221 396 S.
246 337 392 410 Stephani
416 337 522 410 Repis,
549 336 581 393 in
613 337 692 394 Mari
705 352 738 393 se
751 333 984 393 committentes
995 335 1089 392 deve-

101 419 245 477 Breviar.
615 415 730 475 nerunt
742 417 783 474 ad
796 432 885 474 oram
899 415 1089 473 maritimam

108 511 585 523 ----·····-
614 496 767 555 ῑοηίῐότίἰ
776 494 1088 569 Burdigalensis,ubi

291 573 346 624 DIE
362 574 397 624 ΙΙΙ
615 594 680 635 non
696 578 815 652 paucos
829 594 849 634 a
864 575 1017 634 falstrum
1032 575 1088 632 mi-

165 657 305 716 SANCTI
324 656 522 714 AMATORIS
616 659 737 716 minum
765 658 852 715 cultu
878 657 1071 715 revocarunt
1078 681 1085 730 3

237 753 451 796 comrrssoms
616 755 697 814 quos
740 737 915 796 adveniens
960 741 1088 795 sanctus

277 819 409 892 Duplex.
615 819 766 877 Martitlis
793 835 885 876 sacro
916 818 1002 875 fonte
1031 818 1087 875 tb-

148 899 582 972 OmniadeComm.Conf.non
615 897 1085 970 luitlubenteetdemsancto,

103 981 211 1052 Pont,
223 983 339 1053 proeter
350 995 410 1052 seq.
425 982 518 1050 (mt.
533 981 579 1049 v.)
614 981 759 1052 Amator,
787 978 898 1038 relicta
928 978 1026 1037 ux6re
1054 980 1087 1035 in

145 1060 266 1132 Pridie,
282 1061 366 1132 Vesp.
386 1060 423 1117 de
441 1060 471 1118 S.
488 1060 580 1116 Ama·
615 1062 688 1119 loco
719 1062 771 1118 cui
804 1076 921 1117 nomen
956 1059 1085 1130 Soulac,

108 1147 184 1200 tore.
615 1142 747 1199 Romam
769 1139 859 1215 petiit
878 1140 918 1197 ad
944 1144 1088 1197 sanctum

288 1236 406 1279 onemo
488 1231 490 1234 ·
615 1223 758 1293 Petrum,
783 1239 801 1278 a
825 1237 889 1296 quo
917 1237 974 1295 per
1000 1218 1087 1277 bien-

163 1317 238 1374 EUS,
252 1301 307 1375 qui
317 1302 444 1359 bettum
457 1299 580 1358 Amatt-
615 1303 703 1360 nium
716 1300 872 1372 detentus,
884 1302 952 1374 eJus
965 1317 1002 1358 ac
1015 1318 1087 1357 san-

175 1398 244 1441 rem
256 1380 479 1440 Confesstirem
491 1385 580 1438 tuum
615 1384 657 1441 cti
672 1383 762 1439 Pauli
776 1380 929 1455 martyrio
946 1398 1088 1456 praesens

105 1465 173 1523 vita
192 1462 347 1521 laudabili
360 1463 394 1520 in
413 1462 507 1520 terris
526 1462 580 1519 de·
614 1462 724 1521 adfuit.
756 1461 898 1534 Interea,
928 1467 963 1520 ut
993 1462 1089 1520 refert

106 1543 227 1603 coristi
251 1563 257 1599 ι
283 1547 419 1617 praesta,
455 1541 579 1616 qua'esu-
614 1544 740 1602 FMvius
759 1544 884 1614 Dexter,
899 1543 1000 1600 sancti
1017 1543 1088 1599 Hie-

106 1642 193 1696 mus,
208 1623 317 1696 nobis,
329 1627 364 1680 ut
376 1624 444 1696 ejus
459 1621 580 1681 meritis
614 1623 740 1697 rcnymi
751 1623 895 1695 coaevus,
908 1628 1016 1681 sancta
1031 1624 1087 1679 Ve-

106 1711 138 1764 et
152 1703 318 1779 precibus,
333 1703 451 1762 aeterna
465 1704 580 1777 gludia
614 1704 761 1762 rcnicae
785 1705 850 1762 vita
871 1704 980 1774 cessit,
1002 1703 1089 1760 circa

107 1784 354 1859 consequamur.
385 1786 445 1842 Per
472 1783 579 1841 Dcmi·
614 1801 732 1842 annum
748 1784 865 1842 Christi
895 1781 1086 1858 septuagesi-

106 1883 196 1925 num.
615 1882 713 1923 mum.

146 1946 199 2004 Fit
218 1946 382 2004 Commem.
401 1945 532 2018 proeeed.
547 1944 577 2002 S.
655 1945 689 2015 rt.
708 1942 895 2003 Honestum.

105 2026 253 2100 Stephani
283 2026 384 2099 Rapis.
418 2026 490 2082 Ant.
522 2025 581 2082 Hic
773 2040 928 2083 mscrmv

106 2109 167 2166 vir.
183 2109 217 2174 tl.
234 2108 367 2165 lustum.
615 2125 620 2132 ·
645 2123 666 2164 N
681 2106 813 2164 Gilliam
826 2106 942 2174 redux,
963 2108 996 2161 ut
1010 2101 1087 2161 libe-

222 2203 254 2252 ΙΝ
271 2202 290 2251 1.
307 2202 473 2251 NOGTURNO
492 2233 493 2236 ,
666 2188 732 2244 rius
755 2187 821 2243 Deo
847 2184 1032 2255 inserviret,
1047 2184 1088 2240 ad

147 2268 229 2325 Lect.
245 2268 407 2340 descript.
425 2284 526 2324 occur.
616 2265 835 2326 cadurcenses
874 2264 1023 2336 secessit,
1055 2266 1087 2321 in

211 2364 242 2413 ΙΝ
262 2364 293 2413 11.
311 2363 481 2412 NOGTliRNo
615 2346 792 2405 abstrirsam
804 2352 834 2405 et
848 2344 1011 2419 angistam
1023 2345 1086 2403 val·

262 2444 374 2486 cremo
396 2445 428 2485 1v
615 2429 694 2499 lem,
706 2426 922 2502 rripibushinc
930 2426 1005 2484 inde
1015 2442 1088 2500 pro-

160 2508 371 2567 simmitrii
405 2506 582 2565 innitmeris
616 2507 998 2579 minentibushtirridam,
1013 2511 1043 2564 et
1056 2508 1088 2563 in

175 2589 366 2648 testimcniis
394 2589 516 2646 firmtta
544 2605 582 2646 ac
616 2590 725 2647 earum
748 2588 854 2647 medio
877 2589 986 2646 sedem
1006 2588 1086 2655 fixit,

107 2669 286 2745 praesertim
301 2670 488 2729 auctorittte
502 2671 581 2727 Mar·
615 2670 702 2728 unde
717 2671 747 2727 ci
760 2687 876 2727 nomen
889 2670 987 2744 Rupis
999 2667 1088 2725 Ami-

108 2751 166 2808 tini
189 2768 281 2827 papae
300 2751 417 2827 quinti,
439 2751 472 2808 in
496 2751 582 2807 bulla
615 2755 676 2809 tor.
696 2751 755 2808 Hic
775 2750 874 2808 erexit
888 2751 986 2808 altare
1002 2748 1088 2823 quod

109 2834 184 2890 anni
197 2831 356 2891 millesimi
370 2832 581 2906 quadringen-
616 2831 818 2890 consecravit
850 2834 977 2889 sanctus
1009 2830 1088 2886 Mar-

108 2911 214 2973 tesimi
251 2912 395 2986 vigesimi
434 2910 579 2986 septimi,
616 2913 699 2970 tiliis
732 2913 764 2968 in
795 2911 952 2969 homirem
988 2909 1088 2966 beatae

108 2998 237 3052 sanctus
251 2994 477 3051 Amatoridem
492 3010 582 3066 pror·
616 2993 738 3064 Mariae,
765 3009 836 3067 quae
859 2993 904 3049 ibi
930 2988 1089 3048 concirrsu

109 3092 162 3131 sus
195 3079 242 3131 est
277 3091 314 3132 ac
349 3073 519 3145 Zachaeus,
550 3074 582 3131 in
617 3073 858 3147 peregrincrum
907 3070 1089 3146 specialiter

108 3153 280 3228 Evangelio
291 3155 452 3226 laudttuS,
466 3160 496 3211 et
508 3155 580 3228 ipsi,
617 3154 733 3212 celitur
747 3159 778 3211 et
790 3152 1017 3210 miraculirum
1028 3151 1087 3208 fre-

109 3252 147 3293 ex
171 3236 283 3293 cadem
307 3236 478 3293 tradititne
504 3252 583 3291 uxor
617 3234 745 3310 quentIa
765 3233 953 3292 celebrzitur.
975 3234 1090 3290 Noster

108 3316 167 3373 fuit
192 3322 300 3374 sancta
329 3316 499 3385 Verinica,
527 3332 583 3372 seu
616 3332 693 3374 vero
710 3316 807 3389 Rupis
819 3315 948 3371 Amttor
963 3315 994 3370 in
1008 3311 1088 3385 jejt'r-

109 3397 273 3455 Berenice.
297 3399 398 3454 Ambo
420 3398 452 3453 in
475 3396 581 3454 circe·
617 3398 695 3468 nim,
722 3396 853 3468 vigiliis,
880 3393 1024 3452 oratiine
1052 3409 1089 3450 ac

109 3494 177 3535 rem
202 3479 289 3535 missi
316 3496 333 3534 a
359 3477 456 3534 Piulo
480 3477 581 3534 mint·
617 3475 1089 3551 singulariinDeiparamdevo·

109 3576 180 3616 rum
196 3564 226 3615 et
241 3560 339 3616 caedis
356 3560 388 3615 in
407 3557 582 3632 discipulos
616 3557 702 3615 tilme
716 3559 811 3616 vitam
825 3572 935 3630 agens,
954 3557 1089 3613 circum-

110 3638 238 3697 Dcmini
267 3639 421 3713 spiritate,
456 3639 581 3695 liberati
617 3639 734 3696 stantes
769 3638 906 3712 pipulos
937 3635 1089 3694 virtiltum

110 3726 182 3776 sunt
195 3721 234 3777 ab
247 3721 382 3793 ringeln,
395 3737 412 3776 a
425 3737 489 3793 quo
501 3721 581 3792 jussi
617 3719 716 3777 odere
732 3719 855 3776 illictos
873 3721 938 3776 Deo
957 3716 1088 3776 conver-

110 3805 182 3858 sunt
193 3802 226 3858 in
238 3801 369 3860 Gilliam
382 3817 416 3858 se
427 3799 579 3874 recipere.
616 3801 667 3873 tit,
685 3806 715 3858 et
729 3800 857 3859 tandem
877 3800 965 3857 lehre
980 3796 1088 3857 corre·

1059 4059 1123 4117 ΒΨ)
