2416 4162
192 99 228 156 13
251 114 327 157 nov.
344 131 382 142 -
399 115 426 158 s.
450 114 581 157 utrumn
603 113 697 157 conr.
720 112 786 158 non
809 115 903 157 noni.
1000 101 1037 157 53

59 211 195 270 honere.
223 213 328 270 Oratio
350 215 449 285 Deus,
477 214 532 287 qui
567 213 623 270 sed
639 212 811 270 idololetru
826 211 981 270 oriundus
996 213 1039 270 ia-

58 309 130 349 nos.
146 293 278 350 inBreu.
567 292 670 365 milia,
702 291 822 366 junior,
864 293 1038 351 Clodove'eo

100 374 138 429 In
169 374 268 431 Festis
306 373 533 432 occurrentibus
566 374 671 448 primo
681 373 847 446 regnem,
860 377 977 449 epatre
988 390 1039 431 ex·

59 453 141 526 infru
155 455 218 511 Oct.
233 456 332 511 suncti
343 454 482 525 Martini,
498 455 534 527 fit
568 453 681 511 citetus
706 452 851 511 militiam
876 453 1039 528 professus

60 535 225 591 Commem.
252 535 316 592 Oct.
345 536 375 591 in
400 536 533 608 utrisque
568 538 625 591 est,
661 533 842 592 Conversus
875 535 914 591 ad
949 536 1037 592 Chri-

63 614 148 686 Vesp.
167 615 305 672 ethud.
568 619 665 686 stum,
689 619 762 688 post
778 615 876 689 patris
898 614 1036 687 ebitum,

189 710 233 760 AD
249 710 409 760 vesperus
568 695 670 752 nattle
690 695 793 752 solum
813 693 954 769 repetiit,
970 700 1038 753 tum

99 774 172 832 Ant.
204 776 229 833 0
257 775 384 833 beetum
405 774 533 833 Pontifl·
566 781 601 832 ut
611 774 759 849 baptismi
772 775 904 849 gretiam
914 775 1038 833 facilius

59 871 142 912 cem.
158 855 192 921 t.
209 856 244 913 In
255 855 386 928 justitia.
567 856 724 928 serveret,
746 860 812 913 tum
835 860 869 913 ut
890 856 1037 913 soletium

200 951 243 1000 ΑΙ)
258 951 380 1002 LAUDES
566 935 725 1010 praeberet
750 937 858 1008 matri,
885 938 919 993 in
943 953 1038 1011 quam

100 1017 171 1073 Ant.
188 1017 351 1074 Obeetum
366 1018 480 1075 virum.
496 1017 530 1084 3⁷.
566 1021 652 1074 tanta
693 1016 809 1090 pietete
849 1021 966 1091 quanta
1004 1018 1038 1073 in

59 1097 94 1154 In
101 1097 232 1170 justitia.
246 1098 350 1154 Oratio
364 1102 396 1154 ni
407 1114 510 1170 supra.
567 1113 678 1154 omnes
698 1097 941 1154 mansuetildine
962 1095 1038 1154 emi·

567 1179 641 1235 cuit.
665 1178 706 1235 Iis
728 1179 761 1234 in
781 1178 1036 1253 tempestetibus,

236 1252 288 1302 DIE
304 1253 361 1303 xllt
566 1259 643 1316 hinc
668 1257 825 1316 irruentes
853 1258 1036 1332 wisigothi,

109 1336 271 1394 SANCTI
304 1336 487 1395 DUMINII
566 1338 655 1396 illinc
676 1337 791 1397 incolae
815 1339 944 1413 pegeni,
965 1338 1038 1396 ireti

147 1432 239 1474 conr.
263 1431 329 1474 non
350 1432 445 1474 pour.
567 1418 654 1493 quod
665 1418 783 1493 ubique
795 1418 985 1477 clodoveus
996 1420 1038 1475 ia·

231 1498 362 1570 Duplex.
567 1515 607 1556 na
622 1498 866 1557 simulacrerum
882 1497 1039 1556 diruenda

102 1579 211 1636 Omnia
224 1579 260 1634 de
273 1578 433 1634 Communi
445 1578 530 1651 Cons.
567 1579 707 1652 cureret,
743 1579 941 1637 Christienos
976 1578 1037 1636 fre-

60 1675 122 1715 non
134 1659 236 1729 Puni,
243 1662 358 1730 proeier
369 1675 430 1732 seq.
567 1659 738 1735 quentibus
760 1660 879 1734 pre'eliis
902 1657 1037 1716 lacesse-

100 1739 218 1809 Pridie,
245 1738 329 1811 Vesp.
356 1740 393 1795 de
413 1739 444 1795 S.
470 1739 532 1795 Du·
565 1741 652 1798 bant.
676 1741 763 1809 Quos
787 1756 912 1814 semper
931 1738 1038 1796 Dumi-

60 1820 156 1877 minio
170 1819 254 1892 Cons.
272 1818 355 1876 Orut.
370 1818 498 1877 Adeste.
566 1822 653 1892 nius,
684 1818 812 1893 adjutor
839 1818 1044 1895 opportenus‘

100 1900 152 1957 Fit
169 1900 332 1956 commem.
349 1900 481 1972 proeced.
499 1899 530 1956 S.
567 1906 597 1959 et
615 1899 807 1958 fortissimus
829 1900 907 1972 dux,
929 1899 1037 1974 proili-

60 1981 186 2039 Mnrtini
198 1979 289 2036 Muri.
299 1980 371 2036 Ant.
384 1981 444 2049 Qui
452 1980 529 2038 vult.
566 1982 661 2055 gevit.

60 2063 230 2130 irtusius.
479 2104 481 2107 v
606 2063 640 2132 ii.
658 2060 844 2120 Honestum.

101 2143 217 2199 Deinde
230 2142 393 2197 Commem.
412 2141 491 2212 Oct.‚·
505 2144 534 2198 et
724 2157 837 2199 ceculo
860 2159 880 2198 v

63 2223 184 2281 tandein
220 2222 250 2278 S.
284 2221 393 2279 Brictii
429 2222 530 2295 Episc.
567 2239 676 2360 Dun
709 2220 908 2298 praeliaretur
933 2221 1040 2279 Dumi-

62 2308 90 2361 ci
112 2303 197 2376 Conf.
216 2302 287 2358 Ant.
309 2301 474 2360 Sacerdos.
497 2303 531 2370 77.
631 2304 718 2375 niuS,
735 2305 767 2360 in
782 2307 886 2360 castro
902 2319 1038 2376 praemu-

61 2386 78 2441 J
81 2389 195 2440 ustum.
568 2383 634 2441 niio
648 2388 779 2441 matrem
795 2401 883 2440 suam
900 2381 1039 2456 relique-

240 2478 358 2521 0nnr10
568 2463 1041 2539 rat3sedproditienecustedis

64 2542 535 2681 AoiuvnnosDemine,beeti
568 2541 1040 2620 apertumcastrumingrediim·

128 2624 237 2681 Brictii
266 2624 465 2683 confesseris
488 2623 535 2679 tui
568 2630 620 2682 tur
641 2627 763 2697 hostes,
786 2626 819 2682 in
840 2624 1042 2681 obsidienem

64 2711 158 2781 atque
173 2705 336 2763 Pontificis
355 2703 534 2779 patrocinio
570 2710 704 2763 matrem
728 2707 789 2764 viri
815 2705 916 2762 sancti
942 2703 1043 2760 abdd-

64 2785 279 2844 confidentes:
294 2790 341 2857 ut,
355 2787 425 2859 ipso
439 2786 536 2842 inter·
570 2791 659 2860 cunt;
673 2786 827 2861 brevique
838 2803 918 2857 eam,
928 2785 1042 2842 libera-
1111 2829 1113 2832 Α

65 2865 197 2925 cedente
231 2872 260 2924 et
292 2871 322 2923 te
348 2865 533 2937 miserente,
568 2865 641 2924 ti1ro
658 2867 725 2924 tilio
747 2865 1040 2942 appropinquente,

64 2947 239 3005 caelestium
257 2947 445 3021 gaudierum
462 2963 537 3004 con·
570 2946 734 3005 horrendo
750 2946 907 3022 supplicio
922 2945 1042 3003 interii-

64 3029 166 3086 sertes
184 3028 254 3085 fieri
274 3028 463 3085 mercemur.
478 3028 538 3084 Per
571 3030 668 3087 ciunt.
687 3027 813 3102 Duplici
829 3026 969 3101 percitus
986 3027 1042 3083 do-

65 3109 247 3166 Deminum.
571 3110 655 3180 lere,
673 3113 703 3166 et
723 3111 796 3182 quia
811 3113 944 3165 matrem
959 3125 1042 3164 sum-

174 3206 205 3253 IN
223 3205 241 3252 Ι.
259 3204 426 3254 NOCTURNO
571 3190 701 3264 mepere
726 3189 891 3262 diligebat,
918 3192 948 3245 et
970 3188 1043 3262 quia

104 3272 188 3328 Lect.
204 3272 241 3327 de
253 3270 364 3343 Script.
380 3287 481 3326 occur.
571 3270 741 3329 verebitur
761 3287 800 3326 ne
827 3270 964 3344 quadam
986 3269 1043 3324 im-

171 3366 250 3415 1Nti.
269 3366 435 3415 NOCTURNO
571 3350 740 3426 prudentia
762 3351 830 3424 ipse
853 3351 932 3407 dirae
954 3350 1043 3406 necis

219 3447 331 3489 Luccio
353 3449 385 3488 iv
572 3434 639 3504 ejus
672 3448 745 3488 reus
778 3430 902 3500 fuisset,
936 3446 1043 3487 sacras

121 3516 254 3570 unimus
275 3517 327 3569 aut
352 3511 535 3582 Dominius,
571 3511 839 3588 peregrinatienes
851 3509 1041 3584 aggreditur.

64 3532 169 3650 Din
194 3608 274 3666 pago
298 3591 535 3663 Lemovicensi‚
572 3595 701 3650 Romam
735 3594 822 3651 venit
851 3614 856 3649 :
892 3591 1043 3665 queniam

65 3672 538 3745 seuforsanCadurcensi,clara
571 3692 648 3732 vero
675 3681 750 3732 tunc
776 3673 909 3733 vacebat
936 3687 1042 3730 sacro·

1021 3923 1086 3970 W}
