2416 4162
108 94 144 150 11
167 109 243 152 κον.
261 127 299 137 -
315 111 342 155 s.
366 111 500 154 uiuum
521 113 640 157 Tuuou.
664 113 767 157 muse.
791 113 831 157 uu
853 114 946 157 couu.
996 102 1031 158 51

55 207 174 266 rituum
189 208 371 282 beatirum,
389 213 528 284 atqueiu
563 213 628 270 cuit
652 213 734 284 Deo,
758 217 789 271 et
814 212 962 271 invinius
989 219 1035 272 est

55 290 153 362 hujus
163 290 362 347 mortalitzitis
371 289 529 350 aeriimnas
560 295 687 367 Justus:
706 295 788 351 etin
808 292 953 368 timpore
974 295 1034 352 ira-

56 371 98 427 ab
117 371 188 444 ipso
208 369 339 428 intrditu
354 372 463 445 gliriae
481 389 528 431 re·
564 372 690 432 ciindiae
708 374 810 432 factus
825 378 872 432 est
891 376 1034 433 reconci-

56 450 183 523 voeiri3
225 450 388 526 postrimo
424 454 528 527 (quod
562 455 662 513 liiiio.

57 531 230 588 miximum
258 537 321 604 est)
352 550 369 589 a
403 534 528 592 Christo
732 551 864 594 uuuuus
955 597 957 604 ,

57 617 114 669 tuo
129 613 325 687 peregriniri
346 612 480 685 diutius,
502 616 529 672 si
612 618 754 676 uuiusus
769 632 826 673 ora
840 616 990 688 licrymis

57 693 156 750 modo
182 695 250 768 ipse
273 694 435 753 voluisset.
463 697 529 753 Nec
564 636 776 754 PMartinus
788 702 872 754 astra
883 695 1031 770 suspicit:

57 790 134 831 sane
149 772 281 831 dubium
301 776 378 848 quin
398 776 528 849 ampliti-
563 779 601 834 Et
615 779 647 835 in
663 778 756 835 betto
772 777 884 834 Putriae

57 870 126 912 rem
145 854 276 928 gritiam
297 855 455 913 mereitur
475 858 529 930 qui
563 857 692 916 Deiixus
708 856 820 915 obtutu
835 859 940 930 gemit.

56 934 202 1008 paritum
222 952 255 992 se
275 934 417 1007 &xhiben
435 936 528 994 itiam
603 940 740 1011 Omnis,
757 939 810 1010 ait,
823 938 901 1012 quid
914 937 1036 994 timdiu

55 1019 129 1072 ante
147 1016 346 1088 mauditum,
362 1033 458 1091 quam
474 1018 529 1092 qui
563 1019 677 1077 Diiiers
689 1019 795 1077 levire
810 1018 955 1076 vincula?

57 1095 190 1154 obedire
212 1096 325 1170 sitagit
346 1102 419 1171 post
442 1115 528 1155 man·
563 1099 678 1164 Amire
691 1101 808 1157 Christi
822 1099 965 1156 saiucium

56 1176 176 1234 ditum.
563 1180 693 1238 Privire
708 1181 773 1239 vita
785 1196 900 1237 munus
915 1183 972 1237 est.

97 1259 141 1314 Te
156 1258 256 1314 Deum
272 1259 449 1317 laudunus.
604 1261 686 1330 Quid
699 1265 733 1318 tu
746 1261 862 1318 minici
875 1258 1014 1334 gutture,

203 1353 246 1402 ΑΙ)
262 1354 384 1405 LAUDES
564 1343 669 1400 Draco
685 1340 831 1412 cruente,
844 1341 973 1398 sibilas?
1050 1346 1052 1350 '

147 1435 191 1476 uu
217 1434 290 1477 PER
317 1435 442 1479 nouus
564 1423 644 1480 Redi
659 1423 718 1479 sub
733 1423 862 1479 umbras
876 1421 1001 1492 tirtari3

97 1499 169 1555 Ant.
183 1501 209 1555 1.
221 1498 374 1557 Dixirunt
382 1501 531 1576 discipuli
564 1504 612 1560 Me
627 1503 708 1560 lucis
723 1502 794 1559 iula
809 1500 954 1559 divocat.

57 1580 99 1637 ad
115 1579 242 1636 beitum
260 1580 447 1639 Martinum:
468 1585 531 1641 Cur
604 1585 642 1640 Et
656 1599 730 1654 vos,
741 1583 877 1656 flagrans
892 1598 973 1656 quos
986 1579 1033 1637 cit-

58 1677 118 1717 nos
138 1661 230 1717 Pater
249 1659 385 1733 discus,
407 1668 460 1719 aut
479 1664 531 1720 cui
645 1663 721 1720 ritas

58 1741 468 1816 nosdesolitosrelinquist
482 1745 530 1801 In·
565 1744 640 1801 Mihi
656 1744 709 1800 dat
725 1759 793 1800 esse
808 1741 907 1813 filios,

58 1821 178 1879 vident
198 1823 283 1879 enim
301 1837 426 1896 gregem
443 1829 531 1882 tuum
565 1824 654 1882 Fletu
668 1821 802 1881 mole'sto
817 1822 938 1897 pircite

59 1902 128 1975 lupi
142 1901 285 1976 rupices.
566 1904 706 1963 Tardtre
721 1903 819 1978 patris
834 1902 959 1976 giudia.

99 1982 166 2040 Pss.
182 1984 219 2040 de
230 1984 319 2041 Dom.
606 1984 699 2056 Quod
725 1984 752 2042 si
778 1987 883 2041 tamen
908 1987 1036 2041 nostros

101 2064 130 2118 2.
149 2063 299 2135 mimine,
317 2065 343 2121 si
359 2064 532 2138 adhuc-pii-
648 2065 754 2122 adhuc

61 2143 137 2218 pulo
157 2148 212 2200 tuo
228 2161 297 2201 sum
314 2145 530 2216 necessum,
566 2146 673 2203 Tellus
685 2144 812 2202 labdres
827 2143 937 2215 ixigit,

62 2241 126 2281 non
152 2223 266 2281 recuso
291 2225 448 2298 lab6rem;
480 2227 545 2283 fiat·
566 2228 634 2284 Jam
650 2226 790 2283 liuream
806 2241 961 2300 prensans
973 2241 1038 2281 ma·

61 2302 209 2362 voluntas
222 2310 285 2364 tua.
647 2325 705 2378 nu,

102 2386 130 2442 3.
152 2387 177 2443 Ο
197 2387 302 2444 virum
322 2387 530 2459 ineffibiiem‚
567 2388 695 2445 Reddat·
709 2385 846 2444 libinter
859 2384 983 2460 pra'elio.

61 2483 121 2523 nec
156 2466 266 2525 labtire
300 2468 436 2538 victum,
473 2484 533 2525 nec
608 2469 659 2525 Sic
673 2468 764 2525 fortis
776 2471 807 2524 et
817 2471 967 2525 constans
978 2465 1040 2523 sibi

61 2551 163 2604 morte
176 2546 385 2619 vince'ndum‚
403 2549 458 2621 qui
474 2564 534 2605 nec
567 2548 718 2607 Martinus
733 2564 834 2623 usque
846 2546 997 2622 pe'rstitit,

62 2628 144 2684 mori
174 2627 292 2698 timuit,
327 2645 386 2686 nec
421 2627 531 2686 vivere
566 2630 632 2686 Nec
651 2646 710 2703 pro
726 2629 792 2686 Deo
810 2629 926 2685 timens
939 2627 1036 2697 mori,

61 2708 235 2766 recusavit!
569 2710 630 2767 Sed
646 2726 707 2767 nee
723 2707 876 2766 recusans
892 2707 1011 2765 vivere.

101 2792 130 2846 4.
149 2789 258 2846 Oculis
277 2806 315 2847 ac
335 2790 482 2847 minibus
500 2791 532 2848 in
609 2792 653 2848 Sit
668 2790 814 2847 Trinititi
830 2787 947 2861 gliria,

62 2870 532 2943 caelumsemperintintus‚in-
569 2870 776 2928 Sermtinibus
809 2886 904 2943 quam
937 2866 1037 2926 vindi·

60 2949 180 3009 victum
206 2952 245 3007 ab
272 2951 416 3009 oratiune
442 2951 533 3026 spiri·
649 2967 725 3009 cans

60 3035 127 3088 tum
137 3048 200 3088 non
210 3031 380 3104 relaxihat,
395 3031 531 3090 alleluia.
568 3031 719 3090 Martinus
736 3037 766 3088 et
779 3029 958 3098 mutuatis,

102 3115 131 3168 5.
149 3112 300 3169 Martinus
314 3114 449 3170 Abrahae
462 3115 534 3170 sinu
567 3111 709 3186 Adeptus
721 3113 812 3171 estin
828 3109 1006 3184 pra'emium.

62 3195 152 3250 laetus
172 3193 353 3267 excipitur:
382 3193 535 3251 Martinus
608 3196 717 3251 Amen.

61 3275 115 3331 hic
129 3274 250 3347 pziuper
265 3279 295 3331 et
311 3273 457 3332 midicus
472 3291 533 3332 cae·
609 3276 643 3342 ii.
673 3276 708 3332 In
729 3272 850 3346 justitia
880 3269 1041 3344 apparibo

61 3355 127 3411 luni
153 3355 243 3411 dives
268 3354 455 3428 ingriditur,
478 3357 534 3427 hy·
570 3354 757 3429 conspe'ctui
771 3358 827 3410 tuo
843 3351 987 3409 Dtimine.
1006 3351 1039 3420 ii.

62 3436 145 3492 mnis
155 3434 334 3492 caelistibus
347 3436 532 3493 honoritur.
571 3437 716 3493 Satiibor
751 3451 823 3492 eum
861 3430 1043 3507 apparuerit

83 3533 276 3573 cupiuuuuu.
319 3517 413 3574 Echi.
436 3519 516 3574 44.ο
570 3516 670 3590 gliria
686 3521 747 3572 tua.

65 3613 184 3733 Eccu
208 3596 358 3654 sace'rdos
383 3612 532 3670 magnus,
610 3598 659 3653 Ad
669 3597 781 3654 Beued.
794 3595 865 3652 Aut.
880 3594 1042 3651 Obeitum

127 3679 180 3750 qui
201 3679 232 3734 in
255 3676 369 3735 diibus
383 3678 448 3734 suis
467 3679 533 3754 plit-
571 3678 691 3747 virum,
725 3678 816 3748 cujus
849 3676 953 3732 iuima
986 3674 1041 3730 Pa-

1055 3947 1120 4001 δὴ,
