2422 4162
126 224 164 281 38
276 240 401 281 onmem
422 239 562 281 PROPRIA
584 241 738 284 DIOECESIS
760 241 956 285 TUTELENSIS

124 353 262 412 quorum
289 337 469 412 exemplum
497 337 597 396 secuti

121 422 199 474 sunt
218 418 271 476 ulii
292 417 386 475 e'tiam
401 419 597 493 pervicacio—
814 408 870 457 Dffl
885 409 922 458 xl

118 514 193 569 res,
218 499 273 555 ubi
298 497 449 557 viderunt
467 498 598 557 fulmine
692 500 831 557 SANCTI
852 500 1041 558 ANTONINI

120 577 299 653 pereussos
320 578 492 637 amortuis
516 581 598 638 exci-
727 595 828 638 emsa.
853 597 894 638 nc
916 595 1008 640 conr.

121 660 205 717 titos
222 659 319 718 fuisse
343 658 494 735 precibus
513 661 597 718 betti
802 661 937 735 Duplex.

121 740 283 799 Martialis.
311 742 358 798 Ex
384 758 422 798 eo
450 739 595 816 tempore
706 741 793 812 (Dies
807 742 874 814 fixa
888 742 1030 813 exteri.)

120 821 309 879 Aurelitnus
334 827 363 879 et
386 820 529 879 Andreas
555 823 595 878 ab
673 821 782 878 Omnia
802 826 835 879 ut
852 823 884 879 in
900 823 1035 880 Breuiar.
1049 821 1085 878 die

122 902 236 960 eodem
251 907 362 959 sancto
376 902 518 960 Martitle
538 892 594 960 b’a-
632 902 669 959 10
694 902 796 976 trrijus,
814 908 933 976 proeter
952 921 1011 978 seq.
1039 905 1084 972 (m.

121 983 230 1057 ptiztti
243 1000 281 1040 ex
293 983 378 1041 vasis
394 983 596 1041 contumeliae
630 987 651 1039 t.
669 987 715 1054 v.)

120 1080 196 1121 vasa
221 1063 355 1121 honoris
381 1061 501 1136 effecti,
526 1080 595 1122 sese
668 1064 731 1120 Pro
765 1063 796 1121 S.
823 1063 1001 1122 Aureliano.
1026 1063 1083 1121 Ant.

120 1145 150 1201 ei
177 1142 367 1202 commisere
390 1144 592 1216 formandos,
628 1144 763 1201 Amtvit.
794 1145 827 1212 ii.
856 1146 992 1203 Justum.
1015 1145 1083 1202 Orat.

120 1240 159 1281 ex
187 1226 278 1298 cujus
311 1225 409 1282 ductu
442 1225 595 1283 anteoctae
629 1229 779 1299 utsupra.

118 1306 192 1362 vitae
220 1304 390 1363 commissa
414 1306 591 1383 expiitrunt.
666 1306 1084 1378 ProS.Mamerto.Ant.Euge

119 1386 217 1443 Erant
231 1387 264 1443 in
284 1384 435 1460 precibus
455 1386 591 1458 assidui,
628 1403 730 1444 serve.
751 1388 788 1443 de
808 1387 906 1445 Laud.
930 1388 965 1456 γ.
988 1385 1082 1460 Elegit.

119 1482 201 1541 panc
221 1472 251 1524 et
271 1483 354 1541 aqua
371 1467 468 1524 semel
485 1468 519 1524 in
541 1467 593 1524 die
627 1468 664 1523 de
674 1468 710 1523 ΙΙ
712 1513 718 1525 .
730 1469 818 1528 Noot.
835 1468 866 1524 in
881 1468 997 1526 comm.
1015 1464 1083 1540 Cous.

120 1544 272 1604 contenti.
625 1547 715 1606 Pont.

160 1627 194 1698 tt.
212 1627 308 1686 Posui
322 1627 526 1701 adjutorium.
803 1640 922 1688 onemo

274 1724 387 1765 necaro
409 1724 441 1764 su
670 1708 836 1767 nnutnnns
856 1710 897 1767 ad
912 1715 959 1782 te,
977 1707 1085 1784 qaa'esa-

120 1789 386 1926 Mrnncunonun
406 1788 506 1862 gloria
527 1790 591 1846 mt—
627 1723 753 1847 Cmus
767 1789 919 1863 Domine,
933 1790 1086 1863 digntnter

193 1871 275 1927 xime
287 1868 403 1928 tlore're
419 1871 516 1943 coepit
531 1871 591 1927 Au·
626 1869 756 1941 exaudi,
773 1875 804 1927 et
822 1871 906 1928 sicut
926 1871 968 1928 ad
988 1884 1087 1945 preces

118 1951 258 2009 reliitnus
276 1972 282 2008 ι
301 1951 417 2026 quibus
434 1967 507 2008 cum
523 1953 591 2023 eJ'us
625 1949 710 2007 hetti
743 1950 908 2009 Pontificis
940 1949 1085 2020 Mamerti,

120 2032 317 2090 sanctititem
339 2031 483 2089 testitum
502 2031 590 2090 vide'-
625 2029 744 2105 populo
773 2035 828 2089 tuo
860 2031 895 2088 in
928 2029 1088 2090 afflictione

118 2117 167 2169 ret
186 2113 298 2170 bottas
317 2111 483 2183 Martitlis,
501 2128 590 2170 acce·
625 2109 729 2185 posito
745 2111 934 2187 pepercisti,
945 2112 1028 2170 itaet
1041 2126 1089 2168 no·

118 2191 212 2251 dente
227 2192 404 2250 littcrtrum
417 2190 545 2267 peritia,
561 2196 591 2250 et
624 2192 674 2248 bis
707 2193 775 2264 eJus
805 2193 1035 2251 intercessione
1061 2192 1090 2248 in

116 2273 317 2348 praedictndi
329 2273 421 2330 verbi
431 2271 532 2331 divini
547 2273 590 2330 ia·
625 2272 712 2329 omni
719 2270 925 2331 tribulatione
934 2271 1086 2332 succurre.

117 2354 249 2426 culttte,
274 2370 346 2411 eum
375 2353 436 2411 sibi
465 2368 590 2411 succes·
624 2353 684 2411 Per
699 2349 882 2411 Dominum.

117 2434 223 2493 sorem
234 2434 302 2493 desi
324 2433 421 2492 ntvit.
433 2434 590 2492 Praecltre
722 2444 816 2498 1N111.
834 2447 1003 2500 NOGTURNO

116 2512 220 2574 tutem
249 2519 280 2573 et
304 2448 508 2572 fundabiliter
536 2515 589 2572 ad·
662 2509 725 2570 Pro
739 2513 770 2571 S.
786 2513 937 2572 Mamerto
953 2513 1053 2588 Episc.
1066 2516 1091 2572 et

116 2595 293 2653 ministrata
321 2611 379 2669 per
405 2593 589 2668 quindecim
625 2594 708 2667 Conf.

115 2693 217 2734 annos
239 2669 461 2733 Lemovictnsi
480 2673 588 2734 Ecclt-
775 2690 889 2733 nncmo
911 2691 944 2733 1x

115 2754 176 2827 sia,
208 2756 355 2830 migrtvit
384 2757 417 2812 in
446 2756 586 2813 caelum:
681 2758 831 2813 ausurus
851 2757 938 2814 circa
954 2756 1093 2831 tempora

114 2839 206 2910 cujus
222 2853 340 2911 corpus
360 2852 462 2911 prope
482 2834 588 2910 sepul·
703 2835 868 2894 Clodove'ei
887 2838 1010 2910 magni,
1026 2839 1094 2910 post

114 2934 204 2976 cram
226 2913 311 2975 betti
337 2916 488 2974 Martialis
514 2916 588 2974 con·
624 2915 821 2989 Simplicium
833 2912 1095 2991 Viennensisept·

114 2999 214 3057 ditum
231 3003 288 3056 est.
623 3012 756 3070 scopuS,
771 2997 840 3071 ipsa
853 2995 1025 3055 dominicae
1040 2997 1093 3054 Rc·

155 3081 189 3150 rt.
207 3080 268 3137 Iste
283 3082 340 3137 est.
623 3076 832 3134 surrectionis
850 3077 975 3150 vigilia,
999 3078 1093 3135 detla·

214 3175 246 3224 1N
263 3176 305 3224 111.
322 3174 489 3223 NOCTURNO
623 3157 732 3230 grinte
746 3157 861 3231 regitis
875 3158 986 3231 palatii
1006 3173 1092 3228 aree,

152 3241 266 3298 Hamil.
279 3241 309 3297 in
317 3238 584 3312 Evaunvigiltte.
622 3253 695 3294 cum
714 3238 801 3296 cives
820 3238 1025 3296 facultitibus
1042 3239 1095 3296 do·

115 3319 587 3379 eieComm.2⁰toco.Lect.1x.de
621 3316 790 3392 mibirsque
812 3318 878 3376 suis
899 3318 1092 3389 metuentes,

114 3404 165 3460 SS.
187 3403 341 3460 Gordiano
358 3406 386 3458 et
400 3400 584 3474 Epimacho,
622 3415 659 3455 ex
688 3397 823 3456 ecelesia
851 3399 1093 3468 discessissent,

113 3501 242 3557 quorum
256 3484 420 3541 Commem.
440 3482 470 3539 in
484 3481 581 3538 Laud.
620 3480 688 3552 ipse
708 3480 795 3537 solus
814 3479 847 3536 in
870 3496 907 3537 ea
926 3481 1092 3550 reminsit,

156 3566 240 3638 Vesp.
264 3583 283 3620 a
305 3563 401 3637 Capit.
420 3563 457 3619 de
476 3580 535 3635 seq.
552 3562 583 3618 S.
620 3565 650 3617 et
669 3560 820 3633 ltcrymis
837 3577 874 3618 ac
897 3558 1095 3619 orationibus

111 3645 266 3703 Antonino
278 3646 379 3718 Epise.
397 3648 426 3700 et
441 3643 525 3716 Cous.
619 3639 803 3698 incondium
817 3641 1019 3715 exstinguere
1035 3638 1094 3700 mir

153 3727 316 3783 Commem.
342 3725 475 3799 praeeo.
502 3727 531 3781 et
553 3723 583 3780 S.
619 3722 692 3779 ruit.
718 3722 779 3779 Sed
801 3723 868 3795 jam
894 3722 1005 3795 tntea,
1032 3724 1094 3780 rere

109 3807 254 3865 Mamerti
268 3807 353 3880 Conf.
369 3806 458 3862 Pont.
619 3819 677 3877 per
691 3803 766 3860 anni
778 3802 932 3877 spitium,
947 3802 1093 3880 frequen-
