2422 4162
448 647 717 721 TUTELEN.

91 1051 148 1150 Du
162 1038 282 1090 Romana
296 1037 412 1104 Liturgia
427 1037 456 1088 in
471 1051 546 1088 suam
559 1037 699 1088 Dioecesim
713 1039 859 1089 revocanda
873 1038 991 1103 apprime
1005 1039 1072 1090 solli·

149 1109 218 1169 citus
231 1109 475 1167 Reverendissimus
488 1109 617 1165 Dominus
629 1110 751 1163 loannes
764 1111 896 1162 Barnsra
912 1111 1075 1164 Lunnanuus

92 1180 269 1233 BERTEAUD
279 1180 423 1246 Episcopus
435 1180 596 1247 TutelenslS,
607 1181 648 1230 sui
658 1182 776 1232 muneris
785 1197 842 1232 esse
853 1181 925 1232 duait
935 1182 1074 1246 Proprium

93 1252 248 1305 Officiorum
262 1252 291 1302 in
304 1267 383 1303 usum
397 1242 466 1302 Cleri
481 1252 602 1302 Dioecesis
617 1253 699 1317 ipsius
713 1253 856 1316 conficere,
873 1254 901 1304 in
916 1268 968 1318 quo
985 1255 1073 1319 pristi-

93 1338 156 1376 uam
175 1323 349 1376 honorificam
367 1324 458 1375 sedem
476 1328 615 1388 pergerent
633 1324 746 1375 retinere
765 1325 867 1376 Caelites
886 1326 938 1388 illi,
954 1327 1074 1391 quicum

95 1409 137 1447 eas
155 1395 279 1462 regiones
301 1395 425 1446 virtutum
446 1395 585 1461 splendore
606 1396 793 1459 illustrassent,
814 1412 828 1448 a
847 1397 953 1448 vetustis
971 1399 1074 1449 saeculis

95 1467 222 1534 singulari
243 1467 315 1518 cultu
336 1467 435 1518 ibidem
454 1467 578 1518 honorari
597 1476 801 1531 consueverunt,
822 1484 836 1519 e
854 1470 969 1534 probatis
991 1470 1074 1535 legiti-

95 1540 196 1604 misque
216 1538 333 1589 tontibus
356 1538 501 1603 desumptis
524 1539 691 1590 Lectionibus
714 1545 739 1590 et
762 1541 929 1591 Orationibus
951 1542 1071 1605 propriis.

95 1610 196 1663 Gnarus
214 1624 277 1661 vero
295 1611 439 1676 Episcopus
457 1617 545 1661 orator
562 1625 687 1675 supremo
707 1612 806 1662 Sanctae
828 1613 902 1663 Sedis
921 1614 1074 1678 spostolicae

94 1681 188 1746 iudicio
202 1683 330 1733 reservari
343 1681 471 1747 quidquid
484 1696 588 1733 sacram
601 1684 707 1747 respicit
718 1684 862 1748 liturgiam,
876 1685 1009 1749 exemplar
1020 1700 1074 1736 ma·

95 1754 259 1819 nuscriptum
266 1753 344 1818 hujus
351 1753 454 1818 Proprii
462 1768 522 1805 cum
530 1769 577 1804 suo
585 1754 771 1818 supplemento
780 1755 1075 1809 exhibuitSanctissimo

95 1825 205 1878 Domino
225 1831 315 1877 nostro
337 1824 384 1876 Pio
406 1826 475 1891 Papa
496 1825 540 1876 Ill.
563 1827 726 1890 supplicibus
747 1826 842 1878 additis
864 1828 942 1890 votis,
963 1829 1076 1880 utillud

95 1911 216 1963 suprema
229 1897 381 1948 auctoritate
395 1911 442 1947 sua
461 1897 617 1962 approbare,
636 1896 764 1962 Cleroque
783 1899 915 1948 Tutelensi
930 1900 1075 1951 concedere

94 1968 254 2035 dignaretur.
279 1969 393 2019 Examen
416 1969 524 2019 exhibiti
548 1970 651 2034 Proprii
672 1973 698 2019 et
717 1969 795 2033 hujus
815 1970 994 2033 Supptementi
1013 1986 1074 2022 cum

95 2039 222 2092 Sanctitas
237 2040 289 2093 Sua
308 2041 470 2091 commiserit
490 2041 631 2092 Sacrorum
651 2042 759 2091 Rituum
779 2040 996 2106 Congregationi‚
1018 2043 1075 2094 haec

94 2112 199 2178 probari
211 2126 288 2177 posse
302 2112 404 2163 censuit
416 2112 464 2162 sub
476 2113 554 2163 modo
566 2118 592 2163 et
606 2113 689 2162 forma
702 2114 729 2163 in
740 2114 832 2164 eodem
841 2114 983 2177 exemplari
995 2115 1076 2165 adno-

93 2185 161 2236 tatis.
177 2183 264 2245 Quam
278 2183 363 2234 Sacrae
377 2182 590 2249 congregationis
603 2184 772 2247 sententiam,
787 2184 916 2235 referente
928 2186 1074 2250 subscripto

96 2255 256 2318 Secretario‚
276 2269 337 2306 cum
359 2254 545 2306 Sanctissimus
566 2255 637 2306 idem
658 2256 786 2307 Dominus
807 2263 890 2306 ratam
909 2257 1029 2308 habuerit
1049 2265 1075 2308 et

94 2327 303 2388 confirmaverit,
318 2327 467 2391 Apostolica
486 2327 645 2392 benignitate
664 2327 785 2390 indulsit,
804 2334 833 2377 ut
846 2328 917 2378 idem
935 2329 1074 2393 Proprium

94 2399 249 2452 officiorum
260 2399 310 2450 sub
322 2398 399 2450 modo
408 2406 434 2449 et
442 2399 526 2449 torma
536 2398 666 2463 praedictis
675 2400 713 2449 uti
724 2414 802 2464 supra
813 2399 964 2450 adnotatum
975 2416 989 2452 a
1000 2401 1075 2451 Clero

93 2472 225 2524 Tutelensi
236 2476 360 2536 perpetuo
369 2476 488 2522 servetur
496 2471 525 2521 in
535 2471 611 2521 lloris
619 2470 752 2522 canonicis
762 2472 946 2535 persolvendis,
958 2472 1075 2536 injuncto

94 2559 173 2595 onere
194 2543 322 2608 Episcopo
340 2543 449 2604 oratori,
470 2548 511 2602 ut,
531 2550 668 2608 postquam
690 2542 760 2592 idem
781 2543 921 2608 Proprium
945 2559 1006 2594 cum
1026 2560 1074 2595 suo

93 2615 251 2669 Kalendario
270 2615 399 2679 Perpetuo
418 2615 449 2681 (*)
466 2615 544 2665 luerit
563 2615 629 2680 typis
648 2615 832 2678 commissum,
852 2615 948 2681 duplex
967 2617 1075 2667 authen·

92 2689 175 2741 ticum
187 2688 321 2752 exemplar
331 2686 402 2739 illico
416 2687 448 2737 ad
460 2701 562 2737 sacram
576 2688 684 2739 Rituum
697 2688 931 2752 Congregationem
943 2689 1075 2739 transmit·

93 2767 171 2813 tatur.
189 2760 335 2812 Contrariis
349 2775 402 2810 non
416 2760 578 2812 obstantibus
592 2761 810 2824 quibuscumque.

124 2876 174 2928 Die
186 2876 220 2930 16
232 2876 294 2928 iulii
307 2874 378 2927 1863.

260 3036 290 3088 G.
306 3036 454 3102 Episcopus
469 3036 598 3089 Portuen.
613 3044 639 3088 et
653 3038 681 3089 S.
697 3038 803 3103 Reginae
818 3039 891 3089 Canu
916 3038 1045 3090 PATulzt

592 3110 621 3161 S.
637 3111 668 3160 lt.
687 3110 715 3160 C.
730 3111 887 3175 Praefectus.

425 3295 456 3346 D.
474 3296 621 3347 Btnrotmt
637 3297 665 3348 S.
681 3297 713 3347 R.
731 3297 759 3348 C.
774 3297 949 3349 Secretaiius.

120 3703 148 3810 fl
165 3703 330 3824 ΚῖΙοιιιιέωἰιιω
346 3705 486 3760 Perpetuum
502 3706 594 3762 speciali
614 3707 734 3762 probatum
755 3711 790 3752 est
808 3707 898 3751 decreto
919 3708 984 3762 cujus
1004 3707 1073 3752 linem

94 3777 179 3812 reerre
202 3779 233 3813 ur
259 3799 264 3810 .
