2416 4162
166 299 184 354 9
202 300 277 355 Dec.
295 331 335 338 -
349 299 609 355 Manifestationis
625 301 752 355 [murac.
771 300 804 354 V.
823 300 938 353 Mariae.
984 296 1020 350 17

196 406 229 455 ΙΝ
251 407 271 456 l·
288 405 455 456 NOGTURNO
586 425 697 465 omnes
712 406 937 482 peccavirunt.
952 410 964 437 *
977 408 1022 464 Ne

146 494 181 557 51.
211 488 272 557 Qui
305 504 355 544 me
389 487 547 546 invinerit
583 488 710 559 timeas,
736 487 847 559 Maria,
873 486 1022 544 invenisti

99 567 252 626 inutniet
286 569 393 624 vitam.
439 573 472 639 rt.
509 569 547 625 Et
584 569 714 640 gritiam
740 568 824 640 apud
851 569 962 624 Deum.
986 572 1020 635 ir.

99 649 232 707 hituriet
251 646 384 704 salutem
401 664 418 704 a
438 647 545 705 Drimi·
583 647 706 722 Eripuit
721 647 1021 704 Diminusttnimam

102 746 159 786 no.
583 733 667 784 tuam
684 729 724 784 de
739 732 855 798 morte,
867 732 897 784 et
912 732 1022 784 contra

101 807 545 883 DeApoealypsibettitoin-
583 807 748 864 inimicum
764 807 865 864 factus
885 812 932 864 est
946 824 1020 880 pro-

214 890 264 945 nis
284 888 437 962 Aptistoli.
582 887 686 945 tictor
696 892 777 944 tuus.
796 889 841 944 Ne
854 887 975 944 timeas.

163 971 309 1041 Lectioj.
354 969 428 1040 Cap.
448 970 495 1024 12.
727 971 835 1026 Lectio
850 971 884 1041 ij.

151 1065 254 1106 lnuun
278 1062 426 1120 magnum
449 1048 545 1121 appi·
632 1049 786 1104 rsactum
807 1054 853 1104 est
876 1047 1021 1122 publium

108 1067 236 1188 Sruit
251 1129 283 1184 in
307 1128 410 1185 eaelo:
434 1125 547 1184 Mrilier
666 1142 813 1200 magnum
839 1130 871 1184 in
903 1129 981 1185 caelo
1014 1149 1018 1184 :

103 1208 222 1266 amicta
244 1209 328 1279 sole,
346 1212 377 1264 et
397 1208 472 1263 luna
487 1208 546 1264 sub
583 1208 717 1265 Michail
751 1213 781 1264 et
808 1209 916 1280 Angeli
953 1210 1021 1280 ejus

103 1287 546 1364 pedibusejus‚etincipite
584 1289 813 1360 praeliabtntur
844 1305 916 1344 cum
950 1289 1020 1344 dra-

104 1371 176 1442 ejus
223 1367 344 1426 corona
385 1367 546 1424 stellnrum
585 1367 680 1438 crine,
698 1372 728 1424 et
739 1369 837 1424 draco
849 1369 1019 1441 pugnibat,

104 1448 280 1506 dutidecim
308 1469 313 1504 :
346 1449 431 1504 etin
456 1445 546 1504 itero
585 1453 614 1504 et
641 1449 742 1520 ingeli
772 1450 839 1520 ejus
864 1469 869 1503 :
901 1452 930 1504 et
957 1465 1020 1504 non

103 1530 245 1600 habens,
266 1527 424 1585 clamibat
444 1526 547 1600 partri-
584 1527 766 1598 valuirunt,
796 1544 899 1601 neque
931 1529 1022 1584 locus

103 1611 208 1680 riens,
233 1613 264 1665 et
292 1607 494 1665 cruciabitur
514 1612 548 1663 ut
585 1607 732 1665 invinius
752 1614 799 1664 est
825 1607 935 1664 ebrum
958 1609 1021 1664 tun-

103 1689 218 1764 phriat.
237 1689 386 1745 Etvisum
400 1692 446 1744 est
460 1687 546 1744 tliud
584 1689 667 1762 plius
689 1690 721 1744 in
742 1690 830 1746 caelo.
851 1689 890 1744 Et
911 1687 1020 1761 proji-

105 1771 233 1842 signum
249 1769 282 1824 in
300 1769 403 1825 caelo:
426 1772 457 1824 et
471 1784 547 1824 ecce
585 1773 654 1824 ctus
679 1772 724 1824 est
754 1769 852 1825 draco
880 1769 934 1824 ille
958 1785 1021 1824 ma-

106 1851 206 1906 draco
226 1863 360 1921 magnus
373 1847 476 1919 rufus,
493 1850 547 1904 ha·
585 1863 679 1921 gnus,
704 1865 835 1922 serpens
857 1847 1020 1921 antiquus,

106 1931 188 1986 bens
218 1929 322 2003 cipita
350 1932 487 2001 septem,
518 1934 548 1984 et
585 1930 640 2002 qui
657 1928 790 1985 vocitur
809 1928 975 1998 ditrbolus,
993 1933 1022 1984 et

106 2008 230 2066 cdrnua
246 2008 379 2080 decem3
399 2009 476 2064 etin
497 2025 547 2064 ca·
585 2009 726 2078 setianus,
744 2009 799 2081 qui
816 2007 939 2064 seducit
954 2009 1022 2064 uni·

105 2089 228 2164 pitibus
265 2089 334 2160 ejus
369 2086 547 2144 diademata
584 2087 712 2145 virsum
734 2089 844 2144 orbem
867 2108 873 2143 :
896 2093 926 2144 et
946 2104 1021 2160 pro-

106 2174 231 2244 septem
258 2188 264 2224 :
291 2173 322 2224 et
350 2168 451 2224 ctuda
480 2169 548 2239 ejus
582 2168 686 2240 je'ctus
706 2172 752 2224 est
774 2168 807 2224 in
835 2173 968 2237 terram,
993 2172 1022 2224 et

104 2248 254 2306 trahibat
279 2247 404 2304 tirtiam
427 2253 547 2321 partem
585 2249 687 2321 ingeli
703 2249 771 2321 ejus
780 2264 852 2304 cum
865 2248 921 2304 illo
934 2249 1021 2304 missi

106 2330 272 2387 stellirum
295 2328 379 2398 caeli,
410 2333 441 2384 et
463 2329 548 2384 misit
586 2333 668 2385 sunt.
703 2329 741 2384 Et
773 2327 881 2384 audivi
909 2345 1022 2384 vocem

108 2427 163 2466 eas
181 2410 214 2466 in
232 2413 366 2477 terram,
393 2413 424 2464 et
449 2408 548 2464 draco
585 2423 730 2481 magnam
750 2409 782 2463 in
811 2408 889 2464 caelo
912 2406 1021 2464 dicin-

108 2490 195 2546 stetit
209 2487 549 2560 antenrulierem,quae
584 2493 648 2546 tem
671 2509 675 2545 :
696 2490 787 2545 Nunc
807 2488 889 2544 facta
911 2492 957 2544 est
976 2505 1023 2543 sa-

107 2566 326 2642 eratparitirra
336 2591 342 2640 ;
352 2573 401 2638 ut,
416 2584 486 2625 cum
496 2584 547 2640 pe·
585 2571 652 2640 lus,
670 2573 700 2624 et
714 2569 829 2639 virtuS‚
847 2574 877 2624 et
892 2583 1022 2640 regnum

106 2647 548 2724 perisset,filiumejusdevo-
586 2650 643 2705 Dei
672 2649 792 2717 nostri,
823 2653 853 2704 et
885 2646 1024 2721 potistas

108 2726 551 2802 ruretEtpiperitiiliummi·
588 2730 705 2786 Christi
722 2730 811 2802 ejus:
831 2729 904 2802 quia
919 2726 1023 2801 proju-

111 2810 249 2879 sculum,
258 2809 312 2882 qui
323 2805 469 2864 recturus
484 2812 551 2864 erat
588 2814 656 2866 ctus
667 2808 1023 2866 estaccusitorsratrum

110 2905 224 2946 omnes
233 2892 340 2962 gentes
351 2889 383 2944 in
394 2888 482 2960 virga
490 2886 550 2944 fir·
588 2889 788 2959 nostrurum,
818 2889 872 2962 qui
896 2889 1023 2944 accust-

110 2985 182 3041 rea3
212 2973 242 3026 et
269 2972 378 3042 raptus
400 2972 446 3024 est
466 2965 551 3024 filius
588 2971 642 3026 bat
651 2970 724 3026 illos
737 2973 808 3024 ante
817 2966 1024 3042 conspicium

113 3050 181 3119 ejus
196 3049 237 3106 ad
249 3050 348 3105 Deum
359 3093 365 3119 ,
376 3048 454 3104 etad
465 3049 551 3104 thro·
588 3051 644 3106 Dei
664 3050 762 3105 nostri
787 3049 838 3105 die
860 3065 898 3105 ac
918 3053 1022 3104 nocte.

111 3146 188 3186 num
203 3130 287 3202 ejus;
303 3133 333 3184 et
348 3126 461 3184 mulier
475 3127 552 3200 sugit
588 3131 626 3186 Et
640 3130 701 3202 ipsi
713 3127 859 3186 vicirunt
870 3145 941 3184 eum
952 3145 1024 3200 pro-

111 3211 144 3265 in
157 3207 443 3279 solitudinem,ubi
456 3206 552 3264 habi-
589 3215 659 3282 pter
685 3210 869 3282 sunguinem
890 3209 969 3280 Agni
996 3213 1026 3264 et

110 3290 280 3346 batlocum
293 3289 436 3362 partitum
447 3289 550 3358 aDeo,
589 3295 720 3363 propter
736 3290 870 3346 verbum
887 3288 1026 3345 testimu-

110 3370 198 3426 utibi
212 3373 344 3443 pascant
355 3385 423 3424 earn
439 3366 552 3424 diibus
589 3371 634 3426 nii
644 3372 708 3441 sui,
726 3375 756 3426 et
771 3386 835 3425 non
849 3367 1028 3426 dilexiruut

110 3450 198 3507 mille
219 3447 365 3506 ducintis
380 3447 549 3521 sexaginta.
590 3451 710 3506 inimus
743 3467 816 3506 suas
851 3466 951 3523 usque
987 3451 1025 3506 nd

155 3521 187 3589 li·
205 3531 266 3586 Per
280 3547 378 3586 unum
390 3527 552 3585 huminem
590 3536 734 3587 mortem.
752 3528 922 3603 Proptirea
942 3530 1026 3586 laettr-

109 3610 278 3684 {recentum
298 3611 330 3667 in
355 3612 441 3666 huuc
464 3626 551 3665 urun—
590 3612 679 3681 mini,
695 3611 776 3683 caeli,
790 3616 819 3667 et
834 3612 889 3684 qui
902 3609 1024 3667 habiti-

111 3691 188 3746 dum
229 3690 373 3760 intrivit,
419 3691 451 3745 in
488 3707 552 3761 quo
589 3692 758 3747 tisineis.
784 3692 836 3746 Vae
865 3694 1025 3758 ter1·ae,et
