2416 4162
218 177 253 232 ro
269 177 368 234 iunii.
385 181 490 238 -ss
509 183 648 241 Ferreoli
664 192 693 244 et
708 188 850 248 Ferrum
866 194 960 251 Mart.
1007 181 1046 238 29

138 288 485 366 turqueillaspelunca‚
497 307 569 350 cum
606 292 700 368 pletis
714 306 845 366 regnum
854 291 1047 368 promissum

138 369 295 442 adessent,
312 387 486 445 numquam
501 373 569 430 sine
607 373 700 431 vobis
715 371 747 429 in
764 373 854 431 caelo,

136 450 200 508 luce
215 449 326 508 fuisse.
650 458 684 528 rt,
694 451 833 510 Verbera
848 453 1044 512 carnificum.

172 531 208 598 li·
221 531 330 589 Sancti
344 532 401 588 tui·
744 541 851 600 Lectio
872 546 914 616 vj.

276 612 384 668 Lectio
400 630 430 670 v.
656 628 724 670 Assr
743 616 817 670 sunt
830 611 998 671 Ferreolus
1017 618 1048 672 et

183 690 289 750 enen
309 689 469 765 tempore,
484 692 571 750 Felix
670 690 839 750 Ferrricius
854 693 1047 751 Vesuntidne

186 771 368 846 presbyter,
381 772 571 830 Fortunetus
608 773 666 830 sub
681 773 813 829 Cleudio
833 773 922 830 urbis
937 772 1046 846 praefe-

132 850 570 925 etAchilla'eusdieconi,ejds-
608 858 671 924 ct0,
685 854 739 927 qui
753 852 864 910 beetos
879 853 1044 926 mertyres

133 933 203 990 dem
248 931 363 990 Irena'ei
404 932 568 1006 discipuli,
608 950 681 990 cum
696 933 790 990 nullis
806 933 900 990 minis
916 933 967 990 vel
980 934 1046 1006 pol-

132 1012 282 1070 Valentiae
309 1013 343 1069 in
367 1012 489 1084 Gelliis,
511 1015 570 1070 Ev-
607 1011 1046 1087 licitatienibusmoveripos-

132 1092 291 1166 angelium
316 1093 433 1149 Christi
456 1093 569 1166 praedi·
608 1097 688 1165 sent,
699 1093 908 1150 adtrechleas
918 1092 1045 1151 extendi

132 1174 256 1231 cebant.
297 1172 421 1229 Plecuit
466 1173 570 1230 eutem
608 1177 639 1232 et
662 1174 743 1230 caedi
767 1174 869 1245 jubet.
894 1175 942 1230 llli
969 1190 1046 1231 vero

132 1255 257 1311 Christo
287 1251 425 1309 Demino
460 1258 570 1311 nostro
608 1254 729 1310 nullum
739 1253 883 1310 dolerem
893 1270 932 1310 ex
942 1253 1046 1326 flagel-

132 1333 263 1392 athletas
271 1349 347 1390 suos
355 1333 395 1389 ad
403 1332 570 1391 imminen-
608 1334 647 1390 lis
662 1332 840 1390 sentiebant
857 1354 862 1391 :
881 1335 937 1391 sed
957 1335 1046 1391 vultu

133 1415 171 1472 lia
203 1413 348 1471 animere
383 1413 567 1471 certemina.
607 1419 767 1488 tamquam
782 1412 926 1486 angelico
945 1415 1046 1472 laeteri

133 1497 226 1567 Igitur
236 1511 295 1568 per
310 1491 449 1567 quietem
459 1493 570 1552 videre
608 1499 638 1551 et
669 1493 808 1567 gaudere
840 1495 1042 1552 videhentur.

133 1575 227 1632 Felici
257 1575 361 1632 visum
390 1578 438 1630 est
462 1574 570 1632 locum
607 1575 864 1632 Perstentibusin
877 1574 953 1631 fidei
969 1592 1044 1632 con-

133 1654 398 1726 amoenissimum,
416 1655 496 1711 mira
513 1657 569 1712 llo·
606 1655 742 1712 fessiene
756 1655 880 1727 linguas
889 1656 1046 1729 amputeri

58 1778 61 1813 :
133 1751 199 1794 rum
229 1735 385 1792 suavitete
413 1735 569 1808 spectebi-
604 1736 713 1808 jussit,
741 1736 798 1791 sed
822 1735 868 1791 illi
896 1735 1046 1792 abscissis

58 1816 60 1849 l
133 1815 206 1888 lem,
221 1816 255 1872 in
268 1832 332 1889 quo
346 1815 487 1888 quinque
497 1817 569 1888 agni
605 1816 721 1888 linguis
732 1815 789 1871 Dei
804 1816 938 1873 verbum
951 1817 1045 1889 nihil-

58 1912 60 1937 Ξ
134 1897 241 1954 mundi
258 1900 288 1951 et
298 1896 428 1952 cendidi
437 1894 504 1952 lilia
516 1896 569 1952 de·
607 1896 733 1953 eminus
752 1895 975 1969 loquebantur.
992 1897 1009 1953 J
1012 1914 1044 1953 u-

58 2022 60 2055 ,
133 1975 319 2049 pascebant3
341 1980 372 2032 et
394 1975 502 2032 audita
523 1981 570 2032 est
608 1977 669 2032 dex
683 1975 781 2047 magis
796 1976 895 2032 iretus
911 1975 1042 2046 libulaS,

58 2058 60 2065 '
133 2073 214 2114 vox:
239 2055 365 2126 Venite,
387 2054 504 2113 lrena'ei
523 2057 569 2113 di·
606 2058 755 2130 posthaec
764 2055 905 2128 trigenas
919 2055 1044 2129 utrique

134 2137 260 2211 scipuli,
273 2137 359 2195 servi
367 2137 444 2192 boni
454 2134 568 2193 etfide-
606 2153 664 2211 per
678 2134 861 2194 universum
873 2152 990 2210 corpus
1002 2138 1044 2193 af-

58 2282 60 2299 Ι
133 2216 188 2290 les;
215 2217 333 2273 intrete
358 2217 390 2273 in
419 2217 568 2288 geudium
605 2217 672 2290 figi,
685 2222 715 2274 et
725 2216 912 2274 malledrum
923 2217 1043 2274 tunsid-

58 2305 60 2330 ¹
133 2297 258 2356 Demini
286 2297 343 2353 Dei
369 2297 490 2354 vestri:
520 2314 568 2355 so·
606 2298 700 2354 nibus
715 2298 806 2370 jubet
824 2296 960 2354 immitti.
977 2298 1045 2354 Alia

134 2378 210 2435 ciete
234 2393 294 2435 vos
319 2394 391 2434 cum
419 2377 569 2434 fretribus
607 2376 817 2452 quaecaimque
864 2378 1044 2451 excogitere

134 2459 255 2515 vestris.
284 2458 360 2526 Quae
380 2474 451 2514 cum
474 2457 570 2514 seclis
607 2457 731 2532 peterat
772 2456 930 2516 tormenta
969 2474 1042 2516 cum

134 2538 290 2596 retulisset
314 2538 412 2608 Felix,
439 2538 569 2595 edvenit
606 2537 779 2608 intulisset,
822 2539 940 2609 victua,
975 2542 1042 2595 tan-

133 2617 324 2676 Vesuntiene
332 2617 486 2676 ndntiusa
497 2619 569 2674 Fer·
608 2619 680 2676 dem
690 2619 795 2691 gledio
804 2616 928 2692 percdti
939 2619 1041 2691 jubet,

133 2698 217 2756 reolo
235 2702 266 2755 et
281 2697 432 2755 Ferrucio
450 2698 569 2755 litteras
608 2697 738 2775 decimo¹
766 2704 853 2755 sexto
885 2697 1043 2755 Kalendas

133 2778 293 2849 deferens,
320 2779 435 2851 quibus
461 2779 569 2837 admo·
606 2777 692 2836 Jdlii.
707 2779 847 2853 Cdrpora
863 2796 881 2834 a
896 2777 1044 2835 fidelibus

133 2860 287 2917 debentur
298 2859 382 2916 visas
395 2857 569 2932 ase,aper·
607 2859 729 2916 subleta
744 2864 837 2917 nocte
854 2857 996 2930 fuerunt,
1014 2863 1044 2916 et

133 2942 161 2996 to
188 2940 280 3014 quasi
309 2939 403 3009 caelo,
433 2938 569 2996 cortinas
606 2940 638 2996 in
659 2944 785 3013 crypta,
807 2939 862 2996 ubi
879 2939 971 2996 entea
990 2941 1043 2996 de-

133 3021 271 3094 quinque
291 3021 422 3092 gemmis
442 3023 472 3076 et
491 3020 568 3076 euro
606 3018 737 3092 gebant,
755 3018 887 3093 seprilta.

133 3099 309 3171 contextas,
334 3097 491 3173 similique
515 3117 567 3156 au·
645 3097 679 3166 ll.
695 3103 870 3174 Tamquam
885 3099 1007 3157 eurum.

133 3180 226 3237 ditam
238 3180 496 3251 vocem2Venite,
506 3183 567 3237 Ire·
692 3195 724 3244 IN
740 3195 781 3244 111.
795 3193 961 3244 NOGTURNO

133 3260 191 3317 na'ei
217 3260 388 3334 discipuli:
413 3260 567 3334 percipite
605 3259 713 3318 Lectio
748 3261 849 3317 sancti
882 3259 1044 3333 Evangelii

132 3342 217 3414 quod
238 3341 383 3414 peretum
404 3346 451 3397 est
474 3342 567 3398 vobis
652 3340 828 3399 secundum
843 3341 994 3399 Marcum.

130 3436 281 3494 regnum:
300 3425 333 3478 ut
348 3421 429 3478 sicut
448 3438 511 3477 una
524 3422 566 3479 fe·
619 3417 727 3475 Lectio
744 3418 799 3488 vij.
844 3419 920 3492 Cap.
942 3421 988 3477 16.
1007 3437 1024 3477 c

132 3500 218 3558 cistis
237 3502 432 3559 voluntetem
453 3502 511 3558 Dei
534 3503 566 3558 in
635 3517 655 3558 n
679 3501 734 3557 illo
756 3499 928 3574 tempore:
960 3500 1044 3556 Dixit

132 3583 239 3654 terris,
264 3584 306 3639 ita
325 3582 445 3657 periter
465 3584 566 3656 perci·
605 3519 738 3638 IJesus
762 3581 928 3655 discipulis
954 3582 1040 3638 suis:
