2422 4162
192 223 231 280 36
343 235 468 278 ormont
489 234 630 278 unorum
652 235 807 278 murcesls
829 237 1027 280 ruruuensrs
1063 271 1066 274 ,

603 456 665 506 DIE
686 457 764 506 XXX

411 552 606 612 SANCTI
639 551 948 614 MARTIALIS

218 676 403 731 Auulrnnnu
424 677 581 720 nrosrom
603 678 642 718 er
663 677 852 719 Lenovrcun
874 678 1141 721 Pnorornmsums

455 759 577 832 Duplex
593 759 620 815 1.
639 759 743 816 classis
759 777 828 816 curn
844 760 908 817 Oet.

304 886 347 936 ΑΒ
364 886 554 938 MATUTINUM
697 889 829 947 Trinum
857 891 960 948 Deum
987 907 1026 949 ae
1054 889 1159 966 simpli·

231 971 323 1030 Inuit.
361 971 477 1044 Regem
518 969 662 1042 omnipo·
777 987 863 1042 cem,

190 1049 309 1109 tintem
328 1049 514 1121 deinum‚
533 1051 587 1124 qui
606 1048 662 1123 pd·
698 1052 755 1108 Cui
771 1052 869 1109 decus
885 1056 916 1108 et
931 1052 1034 1126 gldria

191 1133 267 1205 pulo
288 1131 466 1206 Aquitduiae
488 1130 662 1187 Martiilem
697 1132 757 1189 Per
769 1132 893 1191 infinita
909 1132 1040 1191 saeculat

192 1213 279 1270 dedit
293 1211 494 1286 Apdstolum,
511 1209 659 1281 *Venite‚
737 1214 847 1270 Amen.

191 1291 372 1350 adoremus.
801 1310 833 1358 ΙΝ
850 1310 870 1358 l.
888 1309 1057 1360 NOGTURNO

229 1374 281 1430 Ps.
298 1373 419 1444 Venite,
437 1371 639 1431 exsulte'mus.
736 1375 819 1432 Ant.
858 1376 1028 1448 Martinus,
1068 1376 1157 1433 adhuc

361 1470 493 1512 nunnus
698 1454 882 1530 quindecim
907 1456 1067 1514 anndrum
1093 1471 1158 1531 puer

238 1537 350 1593 usrivn
364 1534 419 1592 lux
434 1534 579 1604 emicuit,
697 1536 868 1609 inuocem,
886 1537 927 1594 ad
939 1537 1091 1612 baptismi
1104 1534 1157 1610 gri·

244 1617 318 1673 Dies
326 1616 479 1689 praecldra
488 1613 661 1690 splenduit,
695 1618 788 1688 tiam,
806 1618 872 1675 Deo
888 1618 1082 1692 inspirdnte,
1098 1615 1155 1693 pe'r·

190 1697 258 1766 Qua
272 1696 423 1754 Martidlis
438 1696 543 1753 dnima
696 1698 794 1755 venit.

190 1777 297 1850 Regna
312 1775 501 1834 consce'ndit
515 1775 635 1834 cdlica.
736 1778 803 1835 Pss.
819 1779 856 1835 de
871 1778 989 1836 Comm.
1003 1779 1107 1852 Apost.

231 1856 324 1916 Hunc
341 1855 466 1916 devdtis
482 1855 659 1930 obsequiiS‚
736 1859 808 1915 Ant.
833 1860 888 1916 Est
909 1860 965 1917 bic
987 1876 1069 1933 puer
1090 1872 1158 1916 unus

190 1937 374 1996 Hondribus
389 1939 476 1996 bunc
495 1937 660 2011 cdngruis,
696 1939 819 1996 habens
843 1940 988 2014 quinque
1015 1955 1111 2013 panes
1134 1940 1159 1993 et

189 2019 304 2076 Nostra
319 2017 446 2077 caterva
461 2017 616 2089 celebret,
698 2019 779 2076 duos
802 2020 919 2094 pisces.
942 2019 1076 2095 Accepit
1097 2032 1158 2091 ergo

190 2099 321 2174 Dedque
337 2099 478 2173 giudens
488 2097 613 2172 jibilet.
695 2100 787 2157 Jesus
810 2116 926 2173 panes,
951 2099 1114 2158 benedixit
1135 2101 1160 2154 et

231 2181 291 2238 Hic
322 2182 373 2239 vir
407 2181 503 2237 tantis
540 2175 662 2236 viruiti-
698 2180 787 2237 dedit
801 2181 915 2237 turbis.

271 2263 345 2332 bus,
735 2261 807 2318 Ant.
819 2261 1092 2320 AdvocansJesus
1101 2260 1161 2336 pir-

190 2343 267 2400 Tam
302 2341 414 2415 probis
448 2339 535 2397 fulsit
567 2338 662 2396 mdri-
696 2341 823 2412 vulum,
839 2341 947 2399 stituit
967 2359 1042 2400 eum
1059 2343 1091 2400 in
1107 2339 1162 2399 mt-

269 2422 345 2491 bus,
698 2421 751 2478 dio
774 2420 902 2493 edrum,
921 2427 953 2479 et
978 2423 1080 2480 dixit:
1103 2421 1161 2479 Nisi

190 2502 231 2559 Ut
243 2503 338 2559 terris
350 2502 456 2558 adhue
470 2500 611 2575 pdsituS,
697 2501 880 2559 efficidmini
913 2503 996 2560 sicut
1030 2502 1160 2577 pirvuli,

190 2582 332 2640 Haere'ret
348 2583 414 2639 Deo
429 2580 565 2655 penitus.
698 2598 762 2638 non
791 2582 951 2640 iutrdbitis
979 2584 1013 2640 in
1041 2598 1163 2656 regnum

229 2664 298 2720 Jam
312 2661 450 2736 de'nique
466 2662 628 2719 mirdculis
697 2661 859 2720 caeldrum.

190 2744 276 2800 Inter
289 2743 440 2801 mortdles
455 2742 584 2814 diruit,
738 2743 770 2808 i.
788 2744 823 2799 In
838 2760 967 2801 omnem
981 2748 1103 2803 terram
1120 2760 1165 2801 ex·

190 2824 230 2881 Ut
244 2823 414 2881 Galiidrum
429 2822 582 2896 pdpulum
696 2821 753 2880 ivit
772 2840 870 2881 sonus
889 2822 1015 2882 edrum.
1033 2826 1068 2897 ἡ.
1088 2827 1125 2883 Et
1137 2825 1166 2881 in

191 2902 398 2962 Converteret
417 2904 457 2960 ad
479 2903 660 2961 deinum.
696 2904 776 2961 fines
789 2904 878 2962 orbis
894 2907 1106 2965 terrae.verba
1119 2903 1166 2962 ed·

230 2982 660 3055 Vitaedefriuetosre'vocans‚
696 3001 777 3040 rum.

189 3066 291 3139 AEgris
307 3063 439 3122 saltitem
454 3063 622 3138 rdparaus,
736 3066 818 3122 Lect.
849 3066 886 3123 de
916 3067 1036 3124 Comm.
1064 3068 1164 3141 Aposi.

190 3145 336 3203 Obsessis
351 3162 388 3203 ex
404 3145 594 3219 corpdribus
698 3146 749 3202 Sic
764 3163 824 3203 nos
839 3145 1009 3204 existimet.

189 3225 375 3284 lmmdndos
385 3227 508 3300 pellens
519 3225 660 3301 spiritus.
737 3226 770 3295 ii.
788 3244 809 3284 1.
820 3227 1046 3287 Venerdndam
1061 3227 1167 3287 beatis·

230 3309 306 3381 Ejus
334 3324 392 3364 nos
416 3308 540 3364 Christe
570 3305 662 3364 me'ri-
697 3307 769 3364 simi
777 3307 929 3364 Martidlis
937 3309 1167 3367 solemnitdtem

269 3389 310 3446 tis
698 3387 903 3446 devotissime
912 3389 1168 3461 celebremus-ul

191 3470 320 3526 Cunctis
336 3466 474 3526 emdnda
489 3467 590 3539 vitiis,
697 3485 756 3541 pro
792 3469 885 3526 nobis
920 3469 1103 3529 intercedat
1132 3468 1166 3526 ad

190 3551 229 3607 Et
244 3550 371 3608 decoris
385 3548 556 3608 virtdtibus
697 3548 868 3607 deiuum
878 3570 884 3607 :
894 3545 1167 3626 ¹‘Quidquitdnicu

191 3632 266 3688 Caeli
282 3629 440 3704 conjduge
456 3629 590 3687 civibus.
697 3629 817 3703 pdpulo
847 3630 954 3704 ipsum
989 3632 1082 3690 dedit
1111 3631 1166 3707 pri·

230 3709 409 3769 Laudemus
424 3727 531 3768 rerum
544 3708 663 3767 Princi·
698 3727 784 3767 mum
808 3710 970 3784 pastdrem
996 3718 1093 3788 atque
1116 3711 1165 3768 do·

267 3809 359 3868 pem,
698 3790 1165 3868 ctdrem.il.Totaigiturmen·
