2416 4162
179 96 198 152 4
219 111 313 154 sunu.
330 126 371 139 -
385 110 538 154 onmuxn.
563 112 602 154 nr
623 111 798 155 Tnxusnxr.
823 112 850 154 s.
874 111 1008 154 uxnnxr
1051 97 1089 153 43

101 208 230 268 milibus
255 225 329 267 eum
350 210 437 268 clero
466 213 498 267 et
524 209 580 284 pe·
615 209 673 268 tini
688 209 867 281 successor,
885 209 1089 285 exiguamee-

101 289 415 367 puio,unaemnium
426 288 582 348 sententia
616 289 746 349 clesiam
761 290 941 350 aedificevit.

102 370 308 430 renuntietur
327 371 514 445 episeopdtu
534 371 582 428 di·
657 371 691 442 ti.
709 370 816 428 Pesui.

103 451 252 526 gnidrem
277 450 412 508 Martino
437 468 506 509 esse
528 449 580 509 ne·
771 468 884 511 inemo
906 469 938 509 vr

104 533 239 589 minem.
250 533 289 589 Et
302 537 419 604 tamen,
429 531 581 589 instinctu
660 548 705 589 uu
718 531 823 589 eutem
838 533 879 589 ad
894 530 1088 608 sanctissimi

104 611 310 684 Defenseris‚
344 612 581 686 Andegave'nsis
670 611 819 670 Presulis
840 611 997 670 tumulum
1016 630 1090 686 pro-

104 692 269 769 episcopi,
283 691 408 765 objecta
419 697 466 750 est
480 710 498 749 a
513 695 581 766 qui·
617 692 701 765 digia
709 692 996 763 increbrescerent,
1009 711 1089 767 prae·

105 770 247 833 brisdam
256 772 391 848 plebeiis
406 771 525 831 inedita
537 773 581 831 ie·
617 773 765 847 dietaque
776 773 911 831 aedieuia
924 773 1089 847 capiendis

106 854 191 926 mee,
212 852 347 913 vestium
367 854 508 929 squalor,
531 870 580 912 ca·
616 852 764 912 fidelibus
795 854 1009 928 undequeque
1043 855 1088 911 af·

104 934 241 1010 pillique
276 933 469 992 determitas.
505 935 581 1004 Quae
615 932 787 991 fluentibus
798 935 865 1007 jam
878 935 982 1008 impar
992 939 1086 1006 esset,

106 1032 182 1073 cum
210 1032 229 1072 a
259 1013 455 1089 sapientibus
488 1014 582 1072 irrisa
616 1031 675 1072 nee
691 1015 766 1071 satis
783 1015 878 1088 digna
895 1020 959 1071 tam
979 1020 1089 1072 saneto

106 1094 223 1153 merito
233 1094 380 1167 fuissent,
395 1095 582 1152 confirmeta
615 1095 748 1169 pignore
766 1094 941 1163 videretur,
960 1099 1089 1152 sanetus

108 1181 157 1235 est
184 1192 256 1251 quae
281 1177 346 1248 jam
373 1174 582 1250 praeeesserat
615 1174 804 1249 Perpetuus,
819 1193 903 1233 anno
919 1176 1089 1250 postbeeti

107 1254 234 1315 electio.
614 1256 739 1313 Martini
751 1254 917 1314 decessum
933 1260 1045 1330 quarto
1057 1261 1088 1315 et

146 1336 183 1407 ti.
199 1334 311 1394 Inveni
330 1337 433 1394 David
453 1353 581 1395 servum
615 1334 825 1411 sexagesimo,
837 1336 1087 1411 amplieremba·

109 1432 226 1474 meum.
615 1417 737 1474 silicam
775 1419 872 1492 coepit
911 1416 1084 1475 exstrdere.

268 1513 381 1555 anrro
403 1514 423 1554 v
615 1498 692 1567 Quae
723 1514 794 1555 cum
828 1499 971 1569 demum,
1002 1515 1086 1555 anno

157 1577 250 1635 euers
263 1576 438 1650 interjectis
449 1577 578 1651 diebus,
615 1577 928 1651 quadringentisimo
962 1583 1085 1652 septua-

110 1597 154 1717 P
184 1663 298 1734 quarto
333 1658 456 1716 scilieet
488 1657 578 1730 tilii,
616 1657 736 1732 gesimo
747 1656 841 1715 tertio
854 1658 993 1715 mirebili
1004 1664 1087 1716 esset

109 1754 195 1797 anno
221 1737 359 1797 Valentis
386 1743 417 1796 et
442 1740 580 1797 Valenti·
615 1738 1087 1813 epereperfeeta,adipsiusde·

108 1818 196 1877 nient
206 1818 332 1891 oetevo,
346 1819 580 1894 episcopelior-
616 1818 808 1877 dieatienem
823 1816 1005 1894 compleres
1020 1819 1085 1893 epi-

109 1898 273 1956 dinatiene
296 1900 502 1958 consecretus
523 1901 580 1958 fuit
614 1916 745 1973 scopos,
758 1898 972 1972 abbatemque
983 1904 1014 1956 et
1024 1900 1085 1957 ele·

107 1978 271 2037 Martinus.
307 1982 407 2051 Quam
449 1982 579 2054 quidem
613 1979 754 2038 ricerum
775 1994 919 2052 magnam
939 1978 1085 2054 frequen-

106 2060 284 2134 largissima
294 2061 326 2117 in
340 2061 448 2117 Gelliis
458 2062 579 2118 divine·
613 2062 688 2117 tiam
724 2061 924 2118 convoedvit.
951 2061 1085 2134 Jamque

106 2158 178 2198 rum
202 2141 462 2199 benedietienum
487 2142 580 2216 cepia
614 2141 783 2198 celebretis
803 2139 878 2198 Jdlii
899 2142 1003 2214 primo
1032 2141 1084 2199 die

106 2219 215 2279 seedta
223 2225 280 2279 est.
292 2223 387 2295 Cujus
396 2223 475 2279 tanti
484 2224 579 2280 bene·
614 2221 743 2295 vigiliis,
757 2238 868 2279 omnes
878 2222 919 2278 ad
928 2220 1084 2279 trimulum

104 2301 172 2359 ficii
186 2318 309 2359 memor
323 2301 466 2360 Ecclesia
480 2304 579 2360 Turo-
613 2301 828 2375 accesserant3
851 2303 907 2359 sed
927 2303 999 2359 loeo
1014 2319 1083 2360 mo-

105 2380 231 2455 nensis,
248 2382 490 2440 Ordinatieuem
506 2401 577 2440 san·
613 2382 681 2440 veri
706 2384 801 2440 nullis
823 2381 946 2441 viribus
967 2381 1081 2456 petuit.

107 2463 150 2520 eti
167 2461 293 2520 Martini
310 2463 424 2521 exinde
444 2463 579 2521 solemni
613 2463 760 2521 Attenitis
777 2462 926 2521 emnibus
941 2464 996 2538 qui
1011 2463 1085 2520 ede-

105 2545 169 2601 ritu
181 2543 351 2618 quotennis
362 2544 511 2601 venereta
520 2548 577 2615 est,
613 2548 699 2615 rant,
719 2545 849 2618 quidam
865 2549 973 2602 monet
991 2543 1084 2601 cleri-

106 2629 140 2680 ut
174 2624 336 2681 memeriae
366 2623 579 2698 prodiderunt
614 2626 716 2682 cusin
736 2626 820 2682 diem
838 2630 985 2699 quartum
1007 2623 1085 2681 inci-

107 2704 282 2762 veiustiera
340 2704 576 2779 martyrolegia.
613 2706 689 2763 dere
721 2705 834 2763 festum
868 2703 1086 2762 Ordinatienis

109 2787 186 2843 Cum
222 2801 323 2842 annos
358 2785 469 2859 viginti
505 2803 576 2857 sex,
612 2788 712 2844 saneti
740 2785 888 2843 Martini:
920 2785 961 2841 ad
990 2802 1084 2859 quem

105 2882 232 2923 menses
245 2866 381 2939 quetuor
401 2872 430 2923 et
446 2867 514 2924 dies
534 2868 578 2925 ui·
613 2868 697 2925 diem
711 2865 886 2941 Perpetuus
904 2865 1083 2923 translatie-

106 2945 183 3020 ginti
203 2950 323 3020 septem
343 2948 374 3004 in
391 2948 578 3022 episeopdtu
613 2965 684 3005 nem
711 2946 920 3004 differendam
949 2945 1081 3004 censuit.

105 3026 250 3098 sedisset,
262 3028 577 3100 gloriosissimumvi-
612 3030 646 3085 In
666 3026 812 3100 jejirniis,
834 3027 950 3101 vigiliis
970 3033 1000 3084 et
1015 3044 1084 3084 ora-

104 3110 144 3164 tae
160 3125 288 3165 cursum
304 3109 396 3166 beeto
408 3107 492 3167 exitu
504 3127 577 3166 con·
612 3109 754 3165 tienibus
782 3108 922 3164 triduum
949 3108 1084 3181 exigitur

106 3189 275 3246 summevit
315 3190 347 3245 in
384 3189 578 3246 condatensi
612 3188 845 3246 intermedium.
869 3190 987 3259 Quarto
1015 3189 1082 3257 die,

106 3269 188 3327 vien.
208 3270 330 3343 Corpus
346 3272 414 3342 ejus
433 3269 578 3327 'l't'rrones
611 3287 703 3327 sacro
718 3269 834 3327 feretro
850 3288 962 3327 manus
977 3270 1084 3326 admo-

105 3366 142 3407 ea
157 3351 226 3424 ipsa
243 3355 336 3408 noete
353 3351 486 3408 reletum
502 3352 575 3423 fuit,
612 3351 739 3423 ventur3
754 3352 809 3407 sed
821 3351 912 3407 irrito
923 3351 1084 3423 adexpor-

106 3436 136 3488 et
156 3430 337 3505 quingentis
363 3432 445 3488 infra
469 3432 578 3489 civite·
613 3432 743 3488 tendum
752 3432 1006 3488 conetulterum
1018 3447 1084 3487 sus·

105 3515 167 3568 iem
183 3512 330 3586 pessihus
340 3512 518 3570 honorifice
533 3512 579 3569 tri·
612 3512 702 3587 pensi
718 3511 859 3569 haerebat
880 3511 993 3582 inimi,
1011 3528 1084 3569 cum

106 3592 364 3650 mulocenditum
374 3615 379 3649 ε
390 3594 580 3667 superquod
613 3592 717 3650 media
733 3594 873 3650 deturba
884 3591 1022 3667 exsrirgit
1036 3609 1083 3649 se·

107 3677 235 3732 sanctus
246 3674 392 3745 Brictius,
405 3675 488 3731 beiti
501 3676 580 3732 Mar·
614 3692 688 3747 nex,
706 3675 833 3734 neutum
847 3674 1019 3734 Martinum
1036 3675 1082 3733 xi·

1065 3907 1137 3980 sni
