2422 4162
181 213 218 268 58
326 223 451 265 OFFICIA
472 222 614 265 PROPRIA
635 223 791 265 DIOECESIS
813 223 1013 265 TUTELENSIS

180 340 250 380 rum
272 321 400 379 tucrum
422 338 651 380 commemora·
686 326 767 379 stum
789 321 873 379 0010.
890 323 1003 395 Itaque
1024 318 1152 377 Felicem

179 404 266 461 tiene
285 402 442 474 laetificas,
463 404 506 459 ita
526 419 652 476 semper
686 403 847 460 osculatus
882 419 957 459 cum
988 418 1027 459 eo
1059 399 1154 458 securi

181 482 653 558 supplicatitlncdefendas.Per
686 481 875 557 permititur,
887 481 987 540 tertio
1002 479 1155 539 Kalendas

181 564 363 623 [liminum.
688 562 882 638 Septembris
900 584 905 620 :
930 565 1025 636 cujus
1047 579 1155 619 nomen

220 646 282 701 Pro
289 645 331 701 SS
336 690 341 701 .
353 644 538 718 Martyribus
550 646 652 703 Felice
687 661 760 701 cum
767 643 910 717 ignitum
919 648 1006 701 esset
1012 642 1155 701 christil-

181 726 649 800 etAaeluuctmetS.FiucrioConf.
687 726 750 795 nis,
769 726 796 780 is
810 724 946 781 Adaucti
962 723 1094 781 uimine
1107 741 1155 780 no-

334 822 447 863 Lucrro
469 822 502 862 ur
687 805 828 862 bilitatus
850 809 912 876 est,
939 805 1031 879 quod
1055 809 1156 862 sancto

230 903 318 958 rum,
333 886 531 943 Diocletiino
548 890 578 943 et
590 889 652 943 Ma·
687 885 818 959 Martyri
836 885 936 942 Felici
953 885 1110 942 adauctus
1123 885 1158 941 sit

182 905 224 1022 F
251 967 424 1024 miminiano
454 967 652 1041 imperattlri-
687 965 1041 1024 adcorinam.Ecdem
1052 964 1155 1023 diect-

181 1048 259 1119 bus,
300 1051 433 1121 propter
474 1046 653 1121 susceptam
687 1047 762 1103 litur
784 1051 912 1104 sanctus
939 1046 1087 1104 Fiacrius
1110 1046 1157 1120 qui

183 1128 300 1185 Christi
311 1127 497 1201 religidnem
508 1145 653 1202 compre·
688 1127 806 1185 sa'eculo
827 1126 965 1200 septimo
987 1126 1107 1184 floruit.
1127 1128 1156 1184 In

182 1207 317 1280 hensuS,
338 1209 371 1265 in
392 1209 553 1282 Serapidis
576 1214 653 1266 tcm-
688 1207 841 1265 Hibe'rnia
866 1211 976 1280 natm,
1004 1209 1064 1265 sed
1089 1223 1156 1264 suos

182 1289 271 1363 plum
308 1287 465 1346 adductus
503 1294 560 1346 est.
596 1290 654 1347 Cui
688 1289 842 1362 suamque
856 1289 994 1362 patriam
1014 1287 1156 1346 dc'serens

183 1371 364 1426 sacrificare
386 1387 457 1426 cum
475 1368 651 1442 juberetur,
689 1374 722 1426 ut
738 1370 874 1426 soliDeo
885 1369 1029 1439 vacaret,
1044 1370 1078 1426 in
1092 1370 1156 1426 loco

184 1467 221 1507 os
237 1450 399 1506 simulacri
412 1450 570 1524 cilnspuit.
584 1452 653 1520 Quo
689 1467 706 1506 a
723 1455 833 1508 sancto
851 1449 992 1520 Farclne‚
1012 1449 1156 1524 episcopo

182 1529 265 1588 facto
292 1532 396 1587 statim
432 1530 514 1587 a'erea
554 1531 655 1587 statua
689 1529 860 1602 Meldcnsi‚
892 1531 955 1587 sibi
984 1530 1154 1604 assignlt0‚

184 1609 314 1667 cerruit.
342 1612 410 1680 Quo
440 1628 513 1669 cum
541 1610 655 1668 iterum
690 1611 786 1669 vitam
808 1628 921 1685 puram
947 1612 1023 1685 egit.
1047 1611 1156 1668 Sancti-

183 1708 220 1748 ac
235 1690 328 1749 tertio
348 1693 380 1749 in
401 1692 469 1748 aede
489 1690 653 1762 Mercurii,
689 1691 752 1748 tlte
776 1691 1008 1765 miraculisque
1034 1689 1157 1749 illustris

184 1771 358 1845 Dianaeque
367 1773 485 1829 factum
493 1776 587 1844 csset,
598 1774 657 1829 im·
690 1771 887 1829 obdormivit
898 1773 931 1829 in
942 1771 1083 1830 Dimino
1094 1792 1100 1828 :
1111 1788 1157 1828 cu-

184 1853 325 1926 pielatis,
355 1857 384 1910 et
416 1853 546 1925 magicae
579 1854 655 1909 artis
687 1854 739 1925 jus
754 1852 907 1910 memeria
922 1853 1020 1926 longe
1039 1851 1156 1926 late'que

184 1933 362 2003 accusatus,
377 1932 514 2006 equuleo
527 1932 655 2007 torque·
689 1934 721 1989 in
738 1933 854 1990 Gillias
869 1932 984 1990 diffusa
1000 1938 1059 1991 est.

183 2017 245 2070 tur.
263 2016 334 2070 Mox
355 2014 395 2070 ad
419 2012 595 2071 secundum
615 2015 655 2071 ab
728 2014 779 2070 Ad
791 2014 888 2070 Laud.
906 2014 980 2071 Ant.
998 2015 1102 2071 Vestri
1114 2029 1157 2070 ca·

184 2095 263 2151 urbe
285 2094 425 2167 lapidem
443 2096 495 2152 via
518 2092 655 2151 Ostiensi
689 2092 757 2168 pilli
783 2094 895 2168 capitis
917 2111 1033 2152 omues
1054 2110 1157 2151 nume-

185 2173 321 2247 ducitur,
332 2180 366 2231 ut
379 2173 484 2232 secliri
494 2173 652 2232 feriretur.
689 2174 750 2231 rili
771 2178 844 2231 sunt
866 2195 871 2230 :
899 2175 999 2232 nolite
1027 2173 1157 2232 timere:

184 2256 241 2311 Cui
254 2257 337 2312 inter
348 2256 431 2312 viam
446 2255 572 2313 oblatus
587 2256 655 2329 qui·
689 2255 796 2312 multis
811 2253 998 2328 passeribus
1013 2254 1160 2313 melidres

185 2335 257 2392 dam
278 2336 490 2407 Christianus
508 2353 580 2394 cum
600 2337 654 2393 Fe·
690 2337 765 2393 estis
777 2352 847 2393 vos,

183 2415 276 2473 licem
296 2416 487 2490 agnuscens‚
505 2417 546 2473 ad
568 2433 654 2473 mar·
730 2418 763 2480 i.
782 2416 994 2473 Exsultabunt
1009 2418 1112 2475 sancti
1130 2417 1159 2474 in

183 2494 301 2568 ty'rium
322 2497 396 2554 duci
419 2495 566 2554 videret:
589 2498 654 2570 Ego
689 2495 799 2569 gliria.
830 2497 864 2566 Ρ).
895 2496 1105 2556 Laetabimtur
1131 2498 1160 2554 iu

184 2593 324 2650 quoque,
342 2578 427 2634 clara
442 2594 522 2634 voce
537 2578 652 2650 inquit,
689 2576 849 2634 cubilibus
865 2578 942 2633 suis.

184 2656 297 2714 eidem
311 2675 373 2731 qua
388 2658 462 2728 iste,
479 2658 547 2731 lege
561 2659 651 2729 vivo;
729 2657 812 2714 Orat.
834 2657 1043 2729 Majcstatem.
1068 2663 1101 2716 ut
1118 2675 1162 2715 su·

184 2751 241 2809 ego
265 2737 412 2796 eumdem
435 2739 542 2794 Jesum
565 2738 653 2794 Chri·
684 2755 755 2810 pra.

328 2937 330 2941 ⁵
439 2982 582 3040 rusia
609 2981 911 3041 surruussius

381 3130 462 3179 DlEl
867 3146 987 3189 ouario

266 3213 405 3271 SANCTI
425 3211 577 3270 JULIANI
693 3229 822 3348 DEUS,
840 3213 895 3287 qui
914 3213 947 3269 in
967 3213 1070 3271 corde
1085 3213 1165 3271 belli

343 3309 504 3351 immunis
760 3293 907 3366 Mirtyris
921 3293 1042 3350 iuliani
1063 3295 1165 3369 ignem

357 3375 488 3445 Duplec.
694 3374 794 3430 sancti
814 3374 860 3430 tui
879 3372 999 3430 ameris
1019 3374 1165 3433 accendi·

211 3456 298 3525 (Dies
313 3456 379 3527 fixa
393 3472 409 3510 e
424 3456 461 3510 28
477 3454 631 3527 Arrpusti.)
694 3454 751 3524 sti,
774 3459 807 3511 ut
826 3453 1072 3527 persecuturum
1095 3473 1165 3530 sup·

228 3537 336 3592 Orrmiu
361 3537 397 3591 de
427 3536 541 3591 Comum.
571 3534 658 3590 nnius
693 3534 804 3608 plicia,
826 3538 856 3592 lc
877 3533 1042 3608 vincente,
1066 3535 1165 3611 despi-

186 3617 292 3690 Mur·l.‚
306 3621 422 3688 prater·
436 3633 497 3688 seq.
695 3620 805 3672 ccret:
829 3615 868 3671 da
889 3616 1001 3687 nobis,
1023 3621 1059 3674 ut
1079 3619 1165 3697 cuius

227 3698 346 3768 Pridie,
365 3697 449 3768 l'esp.
468 3714 485 3752 u
507 3696 603 3769 Cupit.
623 3695 659 3752 de
694 3694 835 3752 natalitia
850 3694 998 3768 eclimus,
1017 3697 1165 3756 interces-

187 3777 217 3834 S.
232 3778 369 3833 iuliano,
695 3775 784 3833 sitne
807 3777 875 3849 ejus
899 3777 932 3833 in
959 3779 1006 3835 tui
1030 3778 1164 3838 numinis
