2416 4162
308 114 632 202 KALENDARIUM
656 115 922 202 PERPETUUM

545 293 583 330 An
606 293 692 332 USUM

220 418 375 479 CLERI
406 418 664 478 DIOECESIS
692 418 1007 478 TUTELENSIS

519 589 719 625 —e-ff—
796 566 803 582 '

135 762 261 805 Morum.
274 782 301 789 -
316 760 384 802 Festa
397 759 421 801 in
435 759 504 802 hoece
516 759 653 802 Kalendario
670 757 778 802 asterisco
790 759 798 777 ·
810 761 899 807 notata.
915 758 1024 801 Ecclesire
1036 761 1103 802 Tute-

102 816 177 859 lenni
186 817 246 857 eunt
256 812 360 868 propria,
372 813 410 856 vel
421 813 495 867 gradu
506 813 617 866 superiori
629 813 651 855 in
664 813 762 855 Dioecesi
771 813 878 866 gaudent.
891 814 1045 855 Festinantem
1070 825 1106 855 uae

102 871 232 913 notantur
241 867 305 910 linea
316 890 350 919 -,
362 871 415 910 sunt
426 878 440 910 e
450 867 541 921 propria
552 865 589 910 die
600 878 641 921 pro
652 867 755 910 Ecclesia
765 867 882 910 'iutelensi
896 867 1016 919 translata,
1029 825 1071 909 seg
1083 867 1106 908 in

104 921 242 967 Breviariu
253 920 345 976 proprie
357 921 394 964 die
406 921 559 963 inveniuntur.

139 978 206 1028 Quae
218 979 327 1018 notantur
335 975 504 1027 Semicitaepiicia
513 976 543 1016 ad
553 974 657 1024 libitum,
667 973 687 1016 si
696 985 741 1016 non
751 974 894 1018 celebrentur
905 975 941 1017 die
951 975 1105 1028 occurremur,

106 1030 254 1075 habeantur
265 1032 384 1083 tamquam
397 1026 514 1083 Simplicia
524 1028 553 1071 de
564 1031 684 1082 prieeepto.

479 1203 753 1255 JANUARIUS

112 1294 169 1330 Iam.
203 1291 250 1327 Die·

113 1337 263 1375 Dmmennin

121 1406 146 1457 A
199 1404 214 1453 1
246 1403 423 1455 Crncuucrsro
438 1402 551 1465 Dourru,
567 1404 643 1468 dupl.
658 1404 682 1454 8.
698 1405 731 1454 cl.

127 1470 146 1521 b
199 1467 217 1516 8
244 1465 339 1516 Octava
351 1465 376 1516 8.
388 1465 512 1530 Stephani
531 1467 645 1517 Protom.
659 1468 734 1530 dupl.
749 1467 894 1518 Commem.
913 1465 1067 1517 Ociavarurn
1082 1474 1107 1518 et

276 1530 287 1552 ⁴
301 1527 328 1578 S.
344 1528 511 1579 vincentiani
525 1529 601 1581 Coni.

126 1608 144 1645 e
198 1590 217 1642 3
245 1591 339 1643 Octava
359 1591 386 1641 S.
402 1591 511 1642 ioannis
530 1592 617 1657 Apost.
638 1598 664 1641 et
678 1592 774 1656 Evang.
793 1593 867 1654 dupi.
886 1591 1032 1642 Commem.
1051 1592 1105 1643 Oct.

290 1653 336 1705 SS.
349 1652 532 1705 Innocentium
547 1657 598 1704 et*
613 1655 640 1704 S.
655 1655 791 1705 Genoveiae
805 1654 875 1718 Virg.

126 1718 147 1771 d
198 1714 217 1769 i
244 1715 338 1829 Oc‘tlava
354 1715 594 1828 Ssdnnocentium
610 1718 672 1769 iiim.
689 1719 764 1782 dupl.
779 1718 789 1739 ⁸
805 1716 949 1766 Commem.
964 1717 990 1766 S.
1007 1718 1106 1768 Faustae

297 1779 321 1828 ir
340 1816 346 1829 .
362 1785 389 1828 et
428 1785 476 1829 art.

128 1858 145 1895 e
198 1840 217 1892 5
242 1794 339 1954 Vigilirg
355 1840 520 1906 Epiphaniae,
540 1843 636 1893 semid.
657 1842 802 1893 Commem.
820 1842 846 1893 S.
867 1842 1016 1906 Telesphori
1031 1844 1106 1906 Papae

275 1920 290 1954 e
340 1910 389 1953 ari.

134 1968 147 2021 1
197 1964 216 2017 6
243 1966 423 2018 ΕΡΙΡΗΑΝΙΑ
440 1968 471 2018 Ι).
486 1968 519 2018 N.
531 1968 555 2018 J.
569 1968 596 2018 C.
613 1970 688 2032 dupl.
702 1968 726 2018 1.
742 1969 773 2018 ci.
787 1983 848 2018 cum
863 1967 964 2019 Octava.

199 2028 215 2079 7
243 2030 281 2079 De
294 2029 402 2091 Octava,
418 2031 512 2081 remid.
530 2031 540 2051 ⁸
556 2031 701 2081 Commem.
719 2032 744 2081 8.
760 2031 869 2081 Tillonis
884 2030 957 2081 Coni.

198 2092 216 2143 8
244 2092 281 2142 De
296 2091 403 2154 Octava,
418 2093 514 2142 semid.
529 2094 541 2118 *
555 2093 700 2144 Commem.
717 2095 743 2143 S.
758 2093 868 2145 Valerici
883 2094 958 2145 Coni.

198 2156 216 2206 9
243 2155 281 2204 De
295 2154 402 2217 Octava,
420 2155 516 2205 eemid.

198 2217 216 2269 0
244 2217 281 2267 De
295 2217 402 2281 Octava,
417 2219 511 2269 semid.
525 2219 535 2240 ⁸
551 2218 696 2269 Commem.
712 2218 738 2269 S.
756 2217 879 2269 Gulielmi
893 2218 977 2282 Epise.
993 2225 1018 2269 et
1032 2219 1104 2269 Coni.

199 2278 213 2329 1
244 2279 281 2329 De
295 2279 402 2343 Octava,
418 2281 515 2330 remid.
531 2280 676 2331 Commem.
693 2281 720 2332 S.
731 2280 825 2347 Hygini
839 2282 916 2346 Papae
930 2288 956 2331 et
969 2282 1044 2332 Mart.

198 2343 215 2393 8
244 2342 281 2392 De
300 2341 408 2402 Octava,
424 2344 518 2393 mitid.

198 2404 216 2456 3
245 2404 338 2455 Octava
352 2405 515 2478 Epiphania,
530 2406 606 2469 dupl.

200 2467 216 2517 1
245 2467 378 2580 Sliiiirilrii
395 2468 478 2581 Epiefi.
494 2467 567 2519 Coni.
583 2475 609 2518 et
624 2468 696 2518 Dect.
712 2470 787 2532 dupi.
805 2468 950 2520 Commem.
972 2470 997 2521 S.
1016 2471 1107 2521 Felicis

298 2544 340 2580 res
375 2536 393 2580 t.
408 2536 434 2581 ei
474 2537 522 2581 art.

200 2593 217 2642 5
245 2592 270 2644 S.
285 2545 373 2643 Pauliy
392 2593 452 2643 rimi
464 2593 597 2649 Eremiiae.
609 2594 683 2657 dupl.
698 2593 842 2644 Commem.
857 2594 882 2645 8.
897 2596 979 2645 Mauri
993 2596 1105 2646 Abbatis.

131 2660 149 2709 b
184 2654 217 2706 16
246 2608 403 2768 SEMureeYiti
416 2656 500 2768 gapsae
521 2662 546 2706 et
567 2657 641 2705 Mart.
663 2657 758 2706 semid.
776 2658 785 2679 ”
801 2656 946 2708 Commem.
970 2658 996 2707 S.
1020 2659 1106 2708 Boniti

315 2732 392 2768 isne
438 2733 492 2767 on.

132 2798 149 2832 r.
185 2779 216 2830 17
246 2781 272 2832 8.
329 2780 392 2830 ionii
414 2780 505 2830 Anbar.
527 2787 552 2830 et
571 2781 644 2830 Coris.
665 2782 740 2844 dupl.
762 2782 931 2832 ’Commem.
956 2783 981 2831 S.
1004 2783 1106 2847 Sulpitii

277 2843 363 2892 Eisc.
376 2849 402 2893 et
417 2843 491 2893 Conf.

131 2909 150 2959 d
188 2904 219 2956 18
247 2858 384 2955 Catssedra
402 2905 430 2956 8.
451 2905 528 2977 Petri
542 2907 645 2978 Rornae,
661 2905 732 2968 dupl.
750 2906 810 2968 niaJ.
831 2907 976 2957 Commem.
993 2909 1018 2958 S.
1035 2910 1107 2959 Pauli

276 2968 299 3018 A
317 2974 375 3027 ost„
392 2973 416 3016 ei
432 2968 457 3017 8.
471 2969 567 3018 Priscae
582 2969 651 3033 Virg.
670 2973 694 3016 ri
707 2970 779 3017 Mari.

135 3050 150 3083 e
188 3030 219 3081 19
246 3030 270 3082 8.
329 3030 385 3079 nuti
404 3030 482 3092 Regis
503 3037 527 3080 et
550 3033 623 3081 Mart.
645 3032 740 3080 semini.
765 3033 800 3080 ad
825 3033 940 3081 libitum.
961 3032 1105 3084 Commem.

278 3093 322 3144 SS.
339 3093 414 3143 Marii
429 3101 454 3143 et
466 3093 524 3144 Soc.
541 3094 603 3144 Min.

140 3159 153 3210 i
188 3156 219 3207 80
247 3155 291 3206 88.
312 3155 418 3206 Fabiani
440 3156 516 3220 Papae
537 3162 562 3205 et
583 3156 725 3206 Sebastiani
747 3157 821 3206 Mart.
842 3157 917 3220 dupl.
935 3159 946 3182 *
961 3158 1105 3209 Commem.

279 3219 306 3269 S.
323 3219 468 3269 Foriunatai
483 3219 552 3279 virg.
569 3225 592 3268 et
608 3220 682 3269 Mart.

138 3300 155 3347 g
189 3282 218 3331 81
247 3282 273 3332 8.
290 3282 311 3331 Α
331 3281 602 3345 neiisVirg.etMa1i.
618 3282 692 3343 dnpl.

105 3350 156 3404 „A
189 3344 219 3395 88
246 3344 290 3396 88.
307 3298 613 3394 ὅίηοοηίίἰεὶΑηιιεῑιιεὶἰ
629 3345 797 3394 Μωεεηιὶά.

138 3409 155 3460 b
189 3406 220 3458 83
247 3410 259 3433 ¹
276 3407 451 3470 Desponsatio
470 3407 502 3456 B.
525 3408 560 3457 M.
580 3408 606 3456 V.
627 3408 698 3470 dupl.
720 3406 780 3467 maj.
805 3407 949 3457 Commem.
967 3409 992 3459 S.
1010 3410 1106 3473 ioseph

279 3469 337 3534 ejus
353 3470 459 3534 Sponsi‚
475 3485 505 3521 ae
520 3470 546 3520 S.
563 3469 751 3520 Emerentianae
765 3471 837 3537 Virg.
853 3477 879 3521 ei
892 3472 969 3522 Muri.

127 2048 149 2209 i

128 2234 147 2333 r

131 2361 148 2459 r

131 2486 148 2536 8

129 2596 152 2647 Α
