2422 4162
234 108 272 164 23
294 117 375 164 unu.
391 139 432 150 —
454 120 480 165 s.
506 124 626 168 unium
648 125 750 169 nrrsc.
774 126 814 168 nr
836 125 929 168 conr.
1034 111 1069 167 41

200 219 233 269 ΙΝ
249 219 280 267 li.
298 216 467 267 NOCTURNO
754 239 867 281 LECTIO
890 240 921 281 vl

246 316 415 359 nncr101v
655 304 812 362 murdnsn
838 305 877 360 de
901 321 935 362 se
959 302 1072 362 conce-

140 399 222 442 ueus
232 379 400 440 laudibilis
410 381 482 438 vitae
495 380 566 456 pre·
668 389 754 458 ptam
769 401 834 442 non
849 383 959 442 fese'llit
971 401 1073 441 novus

94 403 137 522 L
161 465 285 537 sbyter,
320 459 433 518 tumuli
466 463 567 520 sancti
602 464 787 539 episcopus;
807 483 879 522 nam
897 465 952 539 qui
973 465 1073 537 digni-

93 544 245 603 Martitlis
257 541 362 600 fidelis
377 546 495 613 custos,
510 544 566 600 mi·
601 545 664 602 tite
679 545 806 617 celsior,
821 546 894 602 vitae
909 545 1074 602 sanctitnte

94 643 129 683 ra
144 623 310 683 sanctitate
320 621 442 695 tlcruit‚
458 626 488 680 et
502 640 567 680 non
602 631 632 683 et
642 625 793 700 pastortli
806 626 967 700 vigilentia
983 624 1074 683 exsti-

95 708 163 763 sine
187 702 341 762 mirnculo
361 703 567 762 Lemovicen-
601 707 638 763 tit
675 706 852 764 sublimior.
883 705 1075 763 Fundatitini

95 788 138 844 sis
153 784 306 844 Ecclesiae
327 784 428 841 iactus
447 789 494 841 est
513 802 568 842 an·
603 786 870 844 Solemniacensis
915 785 1074 844 monaste-

95 867 194 925 tistes.
224 867 260 923 In
288 864 395 923 locum
424 864 568 940 episcopi
602 868 653 940 rii,
668 871 806 925 asancto
822 866 923 940 Eligio
939 866 1072 937 cunditi,

96 949 162 1006 vita
175 946 276 1005 functi
291 943 486 1018 ambigentes
506 947 567 1003 cle·
603 945 795 1006 consensum
814 947 967 1022 prebuit,
991 947 1073 1004 litte·

96 1044 151 1086 rus
164 1032 195 1085 et
212 1026 350 1101 pdpulus
369 1042 464 1099 quern
484 1026 568 1082 sutii-
603 1028 711 1102 risque
730 1030 831 1086 sancti
849 1027 957 1101 Eligii,
979 1044 1015 1084 ca
1035 1028 1075 1083 de

96 1112 220 1178 cerem,
233 1110 401 1181 postquam
415 1107 454 1162 ad
465 1106 569 1181 sepiri·
603 1125 638 1166 re
653 1126 726 1166 curn
742 1108 811 1166 iliis
826 1108 987 1182 episcopis
1002 1109 1075 1164 sub-

96 1206 186 1248 crum
201 1187 286 1245 beuti
298 1185 442 1260 Aptistoli
456 1204 569 1261 preces
603 1189 740 1263 scripsit.
750 1191 860 1246 Clarus
870 1187 1008 1263 denique
1019 1189 1075 1244 mi-

96 1269 268 1340 iudissent‚
285 1268 369 1324 inter
387 1283 420 1324 se
440 1268 569 1325 tandem
603 1270 732 1338 reculis,
743 1268 1003 1327 dbiitunde'cimo
1017 1269 1075 1326 Ka·

97 1347 317 1408 convenerunt
344 1352 378 1404 ut
410 1348 568 1420 probitztte
602 1347 714 1407 lendes
736 1347 832 1408 iunii.
854 1351 931 1423 EJ‘us
950 1365 1076 1407 sacrum

96 1430 236 1504 insignes
246 1429 440 1502 du0‚Lupus
451 1433 481 1486 et
489 1428 569 1485 ilius
604 1447 736 1505 corpus,
753 1431 916 1488 mirtculis
936 1429 1074 1502 insigne,

96 1511 208 1568 itidem
223 1508 391 1580 sacerdos,
404 1509 444 1565 ad
462 1524 569 1582 regem
603 1511 635 1568 in
655 1511 786 1569 basilica
806 1512 907 1568 sancti
926 1509 1077 1567 Martiilis

97 1589 307 1662 mitterentur,
321 1589 376 1664 qui
388 1594 494 1646 utrum
505 1591 568 1647 vel·
603 1592 806 1663 tumultuum,
835 1608 852 1648 e
879 1595 964 1648 terra
989 1590 1075 1647 leve-

97 1672 140 1730 iet
151 1671 296 1744 eligeret,
309 1667 454 1744 pluribus
463 1675 569 1728 tamen
603 1673 648 1729 vit
659 1671 825 1743 Gereldus,
837 1669 1077 1728 Lemovicensis

97 1753 130 1810 in
144 1754 269 1828 Lupum
281 1749 567 1825 propendentibus.
604 1751 789 1827 episcopus,
807 1768 891 1808 anno
906 1748 1076 1808 millesimo

98 1833 176 1891 Cum
205 1848 275 1889 eam
305 1829 494 1903 legatibnem
520 1831 571 1889 vir
605 1830 778 1890 centesimo
812 1828 1076 1906 quinquagesimo

97 1913 279 1970 sanctusab
295 1911 382 1968 omni
397 1910 571 1968 ambiticne
605 1912 739 1983 octtvo,
770 1916 801 1970 ct
837 1913 869 1968 in
906 1910 1074 1968 ecclesiam

98 1991 236 2063 alienus,
262 1991 459 2065 aliqunmdiu
480 2008 571 2049 recu·
605 1994 706 2050 sancti
728 1992 892 2050 Michaelis
908 1992 947 2049 de
962 1991 1076 2049 Leuni-

97 2074 212 2145 sisset,
223 2069 413 2146 importunis
421 2071 571 2146 precibus
604 2075 664 2130 bus
677 2073 850 2143 trinstuIit‚
863 2073 918 2129 ubi
928 2088 1029 2146 usque
1044 2072 1077 2128 in

99 2154 262 2225 excretus,
279 2153 340 2209 iter
358 2153 487 2209 tandem
504 2170 570 2210 sus·
604 2153 797 2211 hodiernum
811 2155 895 2210 diem
908 2142 1077 2226 religiosis-

98 2233 193 2310 cepit.
237 2233 272 2303 ἡ,
290 2230 410 2291 Inveni.
605 2235 684 2293 sime
699 2234 825 2293 cclitur.

256 2329 369 2371 uscue
391 2330 412 2370 v
646 2316 679 2385 it.
722 2317 783 2373 Iste
823 2318 871 2372 est
910 2314 965 2389 qui
1006 2317 1077 2371 ante

144 2411 209 2454 uro
231 2411 291 2453 nec
311 2393 491 2465 nobilitum,
511 2410 571 2451 nec
605 2399 716 2454 Deum.

163 2475 301 2535 vestium
325 2473 496 2549 splendere
524 2475 571 2530 in·
703 2493 736 2541 IN
754 2492 796 2542 111.
815 2490 982 2540 NOCTURNO

98 2557 195 2631 signi,
212 2556 315 2615 fucilis
329 2556 371 2612 ad
385 2569 491 2628 regem
507 2571 571 2611 non
645 2558 758 2615 Homil.
769 2558 799 2613 in
807 2556 1075 2630 Euun9.Vigilt1te.

98 2638 199 2713 putuit
218 2637 334 2694 editus.
351 2637 483 2706 Verum,
504 2634 572 2693 tilio
606 2641 643 2696 de
659 2640 773 2696 Comm.
791 2640 823 2694 2⁰
839 2640 915 2695 Ioco.

99 2711 570 2790 Clotirriigrtviteraegrottrnte
646 2720 685 2776 In
712 2720 756 2776 ΙΙ.
792 2719 875 2792 Vesp.
912 2720 1075 2775 Commem.

99 2798 206 2858 evenit
234 2802 268 2856 ut
294 2797 403 2871 regina
424 2802 496 2871 post
519 2799 573 2854 tri·
606 2818 666 2874 seq.

100 2880 241 2938 dutnum
251 2877 407 2952 jejunium
421 2877 573 2935 divinitus

99 2959 279 3030 emunita,
296 2959 336 3016 ad
356 2959 436 3032 Lupi
460 2975 573 3033 preces
767 2958 819 3006 DIE
836 2957 915 3005 xxiii

100 3038 279 3114 confugerit
292 3044 326 3097 ut
346 3038 525 3112 sanaretur3
543 3044 573 3096 ct
665 3041 827 3099 SANCTI
853 3040 1022 3098 UBALDI

99 3139 194 3193 vero,
212 3120 373 3178 celebrato
390 3137 449 3194 per
467 3121 572 3177 virum
702 3137 802 3178 EPISC.
828 3137 867 3178 Er
890 3137 982 3178 conr.

99 3203 158 3260 Dei
180 3200 356 3272 sacrificio,
380 3218 460 3274 puer
483 3200 572 3257 sant·
739 3203 945 3273 Semidupiex.

99 3288 150 3341 tus
177 3285 235 3340 est.
263 3282 309 3339 Eo
335 3281 490 3339 mirtculo
517 3299 573 3339 rex
641 3283 728 3353 (Dies
742 3285 808 3355 fixe
823 3300 862 3339 ex
877 3282 1045 3354 isshujus.)

99 3362 280 3440 perminus,
298 3362 337 3420 de
352 3363 441 3436 Lupo
457 3361 572 3435 eligen·
647 3364 756 3421 Omnia
774 3364 851 3419 utin
865 3363 1017 3433 Breuiur.‚
1032 3362 1080 3418 die

100 3444 143 3502 do
162 3442 300 3502 libenter
318 3441 470 3515 assensit,
488 3442 573 3501 eiun-
609 3445 645 3502 16
660 3445 761 3517 hujrrs.

100 3541 164 3600 que
187 3523 316 3581 ndnnisi
338 3525 444 3582 multis
464 3524 573 3583 mune'·
662 3526 798 3598 Vesperoe
842 3527 879 3582 de
922 3524 1078 3597 sequenti,

101 3603 358 3757 ribgslgigrnntum
375 3604 503 3662 dimisit.
609 3607 863 3743 ίδὀιηιηειῃοηιίιό
898 3607 1078 3680 proeceden-

170 3731 176 3743 .
240 3702 300 3743 sul.
623 3704 657 3743 rs.
