2422 4162
50 256 91 314 25
113 271 183 314 ssu.
202 288 240 298 —
255 270 402 313 couunu.
427 269 454 311 s.
478 267 638 311 PRAEJECTI
660 267 760 309 muse.
786 267 826 309 ur
847 266 946 309 usur.
996 252 1033 308 41

562 372 593 424 et
612 384 630 423 a
649 366 756 424 verbis
780 363 952 440 impierum
972 382 1037 422 non

233 434 286 483 ⁰¹¹³
303 434 349 484 XX
561 447 686 504 timuit:
702 445 853 503 funditus
869 446 954 503 enim
969 450 1036 503 erat

138 531 444 575 COMMEMORATIO
563 544 659 601 supra
674 527 797 583 firmam
814 530 947 600 petram.

68 605 237 662 SANCTAE
258 606 511 664 FORTUNATAE
606 609 636 672 u.
660 605 767 663 Gleria
787 610 818 663 et
836 604 960 663 honere
981 622 1035 663 co-

164 702 250 742 vmn.
268 702 308 742 nr
323 702 420 743 ninus.
563 686 683 745 ronesti
699 703 770 743 eum
786 685 932 743 Demine.
950 687 984 756 il.
999 687 1038 743 Et

92 765 199 822 Pridie
210 767 252 822 ud
266 767 349 839 Vesp.
363 767 435 823 Ani.
451 767 529 823 Veni
564 764 754 825 constituisti
769 783 841 823 eum
857 783 953 840 super
963 766 1037 841 epe·

52 862 174 921 sponsa
192 846 323 918 Christi,
344 848 454 921 eccipe
474 862 528 904 co·
563 865 598 905 ra
614 847 764 904 menuum
779 847 915 904 tuerum.

53 925 293 1001 renam‚quam
304 927 362 984 tibi
376 927 530 985 Deminus
740 942 857 986 onemo

53 1007 249 1082 praeparevit
263 1008 295 1064 in
311 1006 476 1065 aeternum.
618 1025 694 1080 nus,
712 1008 766 1083 qui
781 1024 840 1065 nos
854 1007 938 1065 helii
951 1008 1035 1065 Prae-

94 1089 128 1154 ll.
145 1085 257 1161 Specie
271 1091 325 1145 lua
340 1091 371 1145 et
386 1086 528 1162 pulchri·
635 1088 713 1162 jecti
727 1087 874 1160 Mertyris
884 1088 931 1145 lui
943 1092 1038 1161 atque

52 1166 242 1225 ti1dinelua.
256 1169 290 1237 il.
305 1167 529 1242 Intende,pre·
564 1169 728 1227 pontificis
754 1168 859 1225 ennua
887 1168 1037 1225 solemni-

53 1263 148 1324 spere
163 1247 321 1323 procede,
336 1254 367 1306 et
380 1263 487 1323 regna.
563 1250 626 1307 tete
636 1249 778 1307 laeiificas
792 1269 797 1305 :
813 1247 956 1306 concede
964 1264 1037 1323 pro-

237 1344 355 1388 onemo
564 1329 660 1405 pitius
668 1353 675 1403 ;
702 1334 753 1400 ut,
778 1330 869 1401 eujus
897 1327 1037 1386 natalitia

83 1412 316 1469 ununneurmu
327 1410 431 1481 nobis,
445 1407 530 1484 quee-
565 1410 715 1481 edimus,
727 1410 768 1466 de
783 1408 926 1482 ejusdem
942 1408 1036 1467 etiam

105 1507 216 1549 sumus
250 1489 404 1562 Demine,
439 1490 531 1548 belia
564 1490 1039 1566 protectienegaudeemusPer

54 1571 228 1629 Fortuneta
246 1572 341 1645 Virgo
361 1576 392 1629 et
412 1573 531 1644 Marlyr
565 1571 746 1629 Deminum.

55 1650 234 1727 impleret:
261 1669 332 1726 quae
358 1652 416 1709 tibi
444 1658 531 1725 grata
718 1666 886 1709 anr1o1x

55 1749 183 1807 semper
209 1731 326 1790 exstitit
356 1738 386 1790 et
416 1731 529 1789 merito
618 1735 831 1803 nminem,
858 1729 1035 1805 Arvernus,

56 1812 224 1883 astitistis,
240 1817 271 1870 et
282 1817 344 1870 tuae
356 1811 529 1887 professie-
565 1752 609 1869 P
625 1814 711 1871 claro
723 1811 837 1886 genere
849 1811 1037 1883 natus‚ad0-

56 1910 96 1952 ne
111 1891 248 1952 virtutis.
268 1894 328 1951 Per
345 1892 527 1950 Deminum.
563 1891 688 1952 lescens
717 1891 851 1951 Genesin
877 1891 1037 1950 archidie-

93 1973 145 2031 Ad
157 1974 256 2031 Laud.
271 1973 342 2030 Ani.
361 1971 468 2030 Simile
483 1976 531 2030 est
564 1989 647 2031 cono
665 1971 878 2031 instituendus
890 1972 1036 2030 ereditur.

55 2068 189 2127 regnum
223 2052 374 2111 caelerum
406 2052 530 2110 hemini
565 2053 717 2112 Genesius
758 2053 847 2110 urbis
888 2051 1039 2111 Arvernae

56 2132 530 2209 negotiateriquaerentibonas
564 2134 736 2209 episcopus
769 2132 908 2204 electus,
939 2131 1037 2207 pecii-

56 2214 242 2288 margarltas
269 2235 275 2271 ε
303 2212 432 2272 inventa
467 2232 531 2271 una
564 2216 649 2272 niam
666 2217 713 2272 illi
731 2214 864 2271 tredidit
878 2215 910 2270 in
926 2213 1037 2270 alime-

57 2293 213 2370 pretiesa‚
232 2294 320 2352 dedit
335 2294 442 2352 emnia
456 2312 528 2366 sua,
564 2297 649 2353 niam
671 2296 847 2370 peuperum
870 2316 875 2351 :
901 2311 1038 2369 cumque

57 2380 88 2434 et
102 2375 302 2450 eomparevit
316 2392 396 2433 eam.
565 2375 719 2451 sapientia
733 2375 920 2451 proliceret,
938 2380 968 2432 el
982 2375 1038 2432 bo-

95 2457 130 2523 ll.
158 2453 279 2513 Diffdsa
300 2460 347 2513 est
373 2456 472 2530 gretia
497 2456 530 2513 in
564 2458 614 2515 nis
634 2455 769 2532 polleret
788 2456 947 2527 menibus,
966 2472 1038 2512 eum

56 2536 150 2594 lebiis
161 2537 234 2594 tuis.
247 2537 281 2606 ll.
294 2535 466 2611 Propterea
477 2536 530 2594 be·
564 2536 760 2595 Iciodorensi
776 2536 918 2612 praefe'eit
930 2535 1038 2593 Eccle-

56 2617 178 2675 nedixit
187 2623 218 2675 te
228 2617 353 2674 Deusin
364 2616 528 2674 aeternum.
565 2619 630 2675 siae.
658 2617 793 2676 Genesio
817 2619 881 2677 vita
905 2618 1036 2688 functn,

96 2698 204 2756 Orulio
219 2704 367 2771 utsupra.
564 2700 651 2757 Felix
677 2701 746 2772 ejus
777 2699 809 2755 in
842 2699 949 2755 locum
978 2695 1039 2754 ele·

565 2784 649 2851 ctus,
663 2777 920 2837 Candidiniensis
932 2777 1038 2835 coene·

215 2853 269 2904 Dlll
285 2854 365 2903 xxiii
563 2860 609 2917 bii
635 2858 855 2935 praefectilram
884 2857 1039 2930 Praejecto

69 2940 102 2999 IN
121 2939 358 2999 DESPONSATIONE
378 2940 406 2998 B.
430 2942 462 2998 ll.
485 2940 516 2999 V.
565 2941 780 2999 demandevit.
806 2941 820 3012 l
843 2941 914 2996 Non
939 2938 1039 2996 multo

147 3036 221 3079 cuni
248 3037 275 3078 s.
298 3037 443 3079 roserii
564 3027 650 3096 post,
668 3020 840 3094 Praejeetus
855 3021 924 3094 ipse
938 3019 1040 3077 lactus

169 3103 291 3174 Duplex
304 3103 414 3175 majus.
565 3107 612 3159 est
626 3102 806 3177 episcopus.
820 3099 963 3175 lmpesili
978 3101 1040 3157 sibi

100 3182 140 3241 ut
154 3183 185 3239 iu
199 3183 423 3256 Supplemeulu
565 3182 672 3240 eneris
681 3183 846 3252 sollicitus,
855 3181 983 3255 pepulis
992 3181 1038 3237 in·

565 3263 741 3335 struendis,
770 3261 915 3320 ecclesiis
940 3261 1039 3318 aedifi-

227 3332 281 3380 ¹³OE
298 3331 367 3380 xliv
566 3344 697 3415 cludis,
728 3342 930 3401 monasteriis
959 3359 1036 3400 con-

168 3429 423 3472 COMMEMORATIO
565 3424 741 3496 struendis,
770 3428 800 3480 et
828 3423 1040 3482 xenodochiis

111 3502 253 3561 SANCTI
278 3504 477 3562 PRAEJECTI
566 3505 715 3562 dolendis
741 3505 773 3561 in
798 3504 941 3561 subsidia
962 3504 1039 3578 peu-

149 3599 250 3642 nrisu
275 3600 315 3642 ur
336 3600 434 3642 usur.
565 3603 694 3660 perum,
706 3585 883 3660 praesertim
898 3583 1039 3641 infirme·

95 3663 202 3721 Pridie
218 3666 259 3721 ud
275 3666 360 3738 Vesp.
377 3666 449 3723 Ani.
470 3668 531 3723 Iste
565 3684 652 3738 rum,
667 3671 752 3724 totus
767 3664 981 3723 incumbebat.
993 3664 1039 3720 Ad

57 3749 187 3802 sanetus
214 3763 274 3820 pro
304 3746 372 3820 lege
399 3747 456 3805 Dei
482 3747 531 3804 sui
564 3762 671 3820 regem
692 3746 907 3805 childericum
928 3743 1038 3803 secen-

58 3825 191 3886 certevit
205 3843 307 3901 usque
324 3826 364 3884 ad
379 3832 529 3900 mortem,
566 3829 643 3887 dum
657 3826 885 3904 profectum
897 3824 1048 3882 seeles‘xse
