<?xml version="1.0" encoding="UTF-8"?>
<!DOCTYPE html PUBLIC "-//W3C//DTD XHTML 1.0 Transitional//EN"
    "http://www.w3.org/TR/xhtml1/DTD/xhtml1-transitional.dtd">
<html xmlns="http://www.w3.org/1999/xhtml" xml:lang="en" lang="en">
 <head>
  <title>
</title>
<meta http-equiv="Content-Type" content="text/html;charset=utf-8" />
  <meta name='ocr-system' content='tesseract 3.04.00' />
  <meta name='ocr-capabilities' content='ocr_page ocr_carea ocr_par ocr_line ocrx_word'/>
</head>
<body>
  <div class='ocr_page' id='page_1' title='image "./ordoofficiorumd00churgoog/ordoofficiorumd00churgoog_0080.png"; bbox 0 0 2416 4162; ppageno 0'>
   <div class='ocr_carea' id='block_1_1' title="bbox 120 295 1013 378">
    <p class='ocr_par' dir='ltr' id='par_1_1' title="bbox 120 295 1013 378">
     <span class='ocr_line' id='line_1_1' title="bbox 120 295 1013 378; baseline 0.002 -17"><span class='ocrx_word' id='word_1_1' title='bbox 120 307 139 361; x_wconf 79' lang='lat'>0</span> <span class='ocrx_word' id='word_1_2' title='bbox 156 305 249 361; x_wconf 83' lang='lat' dir='ltr'><strong>lunii.</strong></span> <span class='ocrx_word' id='word_1_3' title='bbox 266 305 344 360; x_wconf 85' lang='lat' dir='ltr'><strong>—S.</strong></span> <span class='ocrx_word' id='word_1_4' title='bbox 365 306 486 361; x_wconf 86' lang='lat' dir='ltr'>Claudii</span> <span class='ocrx_word' id='word_1_5' title='bbox 503 306 607 378; x_wconf 83' lang='lat' dir='ltr'><strong>Episc.</strong></span> <span class='ocrx_word' id='word_1_6' title='bbox 626 307 779 362; x_wconf 79' lang='lat' dir='ltr'><strong>llioecesis</strong></span> <span class='ocrx_word' id='word_1_7' title='bbox 795 309 933 363; x_wconf 85' lang='lat' dir='ltr'><strong>Patroni.</strong></span> <span class='ocrx_word' id='word_1_8' title='bbox 977 295 1013 350; x_wconf 85' lang='lat'><strong>31</strong></span> 
     </span>
    </p>
   </div>
   <div class='ocr_carea' id='block_1_2' title="bbox 94 403 1017 3766">
    <p class='ocr_par' dir='ltr' id='par_1_2' title="bbox 94 403 1017 3596">
     <span class='ocr_line' id='line_1_2' title="bbox 96 403 1016 478; baseline 0.003 -18"><span class='ocrx_word' id='word_1_9' title='bbox 96 403 541 463; x_wconf 71' lang='lat' dir='ltr'><strong>militaterecusiveratcliu-</strong></span> <span class='ocrx_word' id='word_1_10' title='bbox 578 404 796 475; x_wconf 85' lang='lat' dir='ltr'><strong>indiciumest‚</strong></span> <span class='ocrx_word' id='word_1_11' title='bbox 806 405 893 478; x_wconf 90' lang='lat' dir='ltr'><strong>quod</strong></span> <span class='ocrx_word' id='word_1_12' title='bbox 903 405 1016 463; x_wconf 87' lang='lat' dir='ltr'><strong>festum</strong></span> 
     </span>
     <span class='ocr_line' id='line_1_3' title="bbox 96 483 1015 559; baseline 0.002 -19"><span class='ocrx_word' id='word_1_13' title='bbox 96 485 193 554; x_wconf 74' lang='lat' dir='ltr'><strong>dim,</strong></span> <span class='ocrx_word' id='word_1_14' title='bbox 223 483 428 558; x_wconf 70' lang='lat' dir='ltr'><strong>pistmodum</strong></span> <span class='ocrx_word' id='word_1_15' title='bbox 456 502 541 543; x_wconf 88' lang='lat' dir='ltr'><strong>com·</strong></span> <span class='ocrx_word' id='word_1_16' title='bbox 579 488 647 558; x_wconf 89' lang='lat' dir='ltr'><strong>ejus</strong></span> <span class='ocrx_word' id='word_1_17' title='bbox 665 489 839 559; x_wconf 82' lang='lat' dir='ltr'><strong>perlatam</strong></span> <span class='ocrx_word' id='word_1_18' title='bbox 860 485 926 542; x_wconf 90' lang='lat' dir='ltr'><strong>sere</strong></span> <span class='ocrx_word' id='word_1_19' title='bbox 946 487 1015 543; x_wconf 72' lang='lat' dir='ltr'><strong>Gal-</strong></span> 
     </span>
     <span class='ocr_line' id='line_1_4' title="bbox 96 562 1015 628; baseline 0.002 -8"><span class='ocrx_word' id='word_1_20' title='bbox 96 562 188 620; x_wconf 84' lang='lat' dir='ltr'><strong>mimi</strong></span> <span class='ocrx_word' id='word_1_21' title='bbox 220 565 352 621; x_wconf 83' lang='lat' dir='ltr'><strong>fratrum</strong></span> <span class='ocrx_word' id='word_1_22' title='bbox 386 565 541 628; x_wconf 81' lang='lat' dir='ltr'><strong>electitine</strong></span> <span class='ocrx_word' id='word_1_23' title='bbox 576 566 651 622; x_wconf 87' lang='lat' dir='ltr'><strong>liam</strong></span> <span class='ocrx_word' id='word_1_24' title='bbox 676 563 863 622; x_wconf 77' lang='lat' dir='ltr'><strong>celebretur.</strong></span> <span class='ocrx_word' id='word_1_25' title='bbox 888 566 1015 622; x_wconf 72' lang='lat' dir='ltr'><strong>Testim-</strong></span> 
     </span>
     <span class='ocr_line' id='line_1_5' title="bbox 96 644 1017 719; baseline 0.002 -19"><span class='ocrx_word' id='word_1_26' title='bbox 96 648 128 701; x_wconf 97' lang='lat' dir='ltr'><strong>et</strong></span> <span class='ocrx_word' id='word_1_27' title='bbox 149 644 292 701; x_wconf 70' lang='lat' dir='ltr'><strong>uninimi</strong></span> <span class='ocrx_word' id='word_1_28' title='bbox 309 645 541 719; x_wconf 69' lang='lat' dir='ltr'><strong>supplicaiirine</strong></span> <span class='ocrx_word' id='word_1_29' title='bbox 576 651 627 702; x_wconf 88' lang='lat' dir='ltr'><strong>tur</strong></span> <span class='ocrx_word' id='word_1_30' title='bbox 640 644 733 702; x_wconf 77' lang='lat' dir='ltr'><strong>etiam</strong></span> <span class='ocrx_word' id='word_1_31' title='bbox 750 645 857 719; x_wconf 91' lang='lat' dir='ltr'><strong>plures</strong></span> <span class='ocrx_word' id='word_1_32' title='bbox 874 646 932 702; x_wconf 91' lang='lat' dir='ltr'><strong>sub</strong></span> <span class='ocrx_word' id='word_1_33' title='bbox 949 647 1017 718; x_wconf 90' lang='lat' dir='ltr'><strong>ejus</strong></span> 
     </span>
     <span class='ocr_line' id='line_1_6' title="bbox 96 723 1014 799; baseline 0.001 -17"><span class='ocrx_word' id='word_1_34' title='bbox 96 725 217 795; x_wconf 86' lang='lat' dir='ltr'><strong>victus,</strong></span> <span class='ocrx_word' id='word_1_35' title='bbox 240 723 379 799; x_wconf 77' lang='lat' dir='ltr'><strong>accipit,</strong></span> <span class='ocrx_word' id='word_1_36' title='bbox 395 726 470 783; x_wconf 89' lang='lat' dir='ltr'><strong>licet</strong></span> <span class='ocrx_word' id='word_1_37' title='bbox 488 727 541 783; x_wconf 90' lang='lat' dir='ltr'><strong>vix</strong></span> <span class='ocrx_word' id='word_1_38' title='bbox 576 725 706 783; x_wconf 75' lang='lat' dir='ltr'><strong>nimine</strong></span> <span class='ocrx_word' id='word_1_39' title='bbox 738 724 920 782; x_wconf 67' lang='lat' dir='ltr'><strong>sodalitates</strong></span> <span class='ocrx_word' id='word_1_40' title='bbox 946 725 1014 783; x_wconf 79' lang='lat' dir='ltr'><strong>ere-</strong></span> 
     </span>
     <span class='ocr_line' id='line_1_7' title="bbox 95 803 1015 879; baseline 0.002 -19"><span class='ocrx_word' id='word_1_41' title='bbox 95 803 272 861; x_wconf 73' lang='lat' dir='ltr'><strong>triennium</strong></span> <span class='ocrx_word' id='word_1_42' title='bbox 310 806 343 861; x_wconf 90' lang='lat' dir='ltr'><strong>in</strong></span> <span class='ocrx_word' id='word_1_43' title='bbox 384 805 540 863; x_wconf 78' lang='lat' dir='ltr'><strong>monaste·</strong></span> <span class='ocrx_word' id='word_1_44' title='bbox 577 804 964 879; x_wconf 78' lang='lat' dir='ltr'><strong>ctae‚probautsusceptae</strong></span> <span class='ocrx_word' id='word_1_45' title='bbox 975 807 1015 862; x_wconf 92' lang='lat' dir='ltr'><strong>ad</strong></span> 
     </span>
     <span class='ocr_line' id='line_1_8' title="bbox 95 883 1016 959; baseline 0.002 -18"><span class='ocrx_word' id='word_1_46' title='bbox 95 886 147 941; x_wconf 91' lang='lat' dir='ltr'><strong>rio</strong></span> <span class='ocrx_word' id='word_1_47' title='bbox 162 884 347 958; x_wconf 80' lang='lat' dir='ltr'><strong>peregisset.</strong></span> <span class='ocrx_word' id='word_1_48' title='bbox 362 887 440 943; x_wconf 87' lang='lat' dir='ltr'><strong>Tam</strong></span> <span class='ocrx_word' id='word_1_49' title='bbox 452 888 540 959; x_wconf 80' lang='lat' dir='ltr'><strong>gravi</strong></span> <span class='ocrx_word' id='word_1_50' title='bbox 577 888 646 959; x_wconf 92' lang='lat' dir='ltr'><strong>ejus</strong></span> <span class='ocrx_word' id='word_1_51' title='bbox 664 883 820 943; x_wconf 80' lang='lat' dir='ltr'><strong>tumulum</strong></span> <span class='ocrx_word' id='word_1_52' title='bbox 835 887 1016 959; x_wconf 86' lang='lat' dir='ltr'><strong>peregrina-</strong></span> 
     </span>
     <span class='ocr_line' id='line_1_9' title="bbox 96 963 1015 1039; baseline 0.001 -18"><span class='ocrx_word' id='word_1_53' title='bbox 96 963 232 1023; x_wconf 84' lang='lat' dir='ltr'><strong>mimere</strong></span> <span class='ocrx_word' id='word_1_54' title='bbox 255 981 314 1039; x_wconf 90' lang='lat' dir='ltr'><strong>per</strong></span> <span class='ocrx_word' id='word_1_55' title='bbox 336 966 462 1038; x_wconf 86' lang='lat' dir='ltr'><strong>longam</strong></span> <span class='ocrx_word' id='word_1_56' title='bbox 487 984 539 1023; x_wconf 91' lang='lat' dir='ltr'><strong>an·</strong></span> <span class='ocrx_word' id='word_1_57' title='bbox 576 966 689 1024; x_wconf 80' lang='lat' dir='ltr'><strong>titines.</strong></span> <span class='ocrx_word' id='word_1_58' title='bbox 702 967 762 1021; x_wconf 85' lang='lat' dir='ltr'><strong>Tot</strong></span> <span class='ocrx_word' id='word_1_59' title='bbox 774 966 859 1021; x_wconf 89' lang='lat' dir='ltr'><strong>euim</strong></span> <span class='ocrx_word' id='word_1_60' title='bbox 874 966 914 1021; x_wconf 86' lang='lat' dir='ltr'><strong>ad</strong></span> <span class='ocrx_word' id='word_1_61' title='bbox 927 966 1015 1022; x_wconf 92' lang='lat' dir='ltr'><strong>illum</strong></span> 
     </span>
     <span class='ocr_line' id='line_1_10' title="bbox 95 1042 1016 1120; baseline 0.004 -20"><span class='ocrx_word' id='word_1_62' title='bbox 95 1044 213 1101; x_wconf 80' lang='lat' dir='ltr'><strong>mirum</strong></span> <span class='ocrx_word' id='word_1_63' title='bbox 229 1042 345 1103; x_wconf 74' lang='lat' dir='ltr'><strong>seriem</strong></span> <span class='ocrx_word' id='word_1_64' title='bbox 362 1047 414 1119; x_wconf 89' lang='lat' dir='ltr'><strong>pie</strong></span> <span class='ocrx_word' id='word_1_65' title='bbox 431 1046 539 1103; x_wconf 74' lang='lat' dir='ltr'><strong>admo·</strong></span> <span class='ocrx_word' id='word_1_66' title='bbox 576 1044 797 1104; x_wconf 78' lang='lat' dir='ltr'><strong>confluxerunt</strong></span> <span class='ocrx_word' id='word_1_67' title='bbox 809 1043 950 1119; x_wconf 79' lang='lat' dir='ltr'><strong>indique</strong></span> <span class='ocrx_word' id='word_1_68' title='bbox 961 1046 1016 1120; x_wconf 82' lang='grc' dir='ltr'><strong>ρό-</strong></span> 
     </span>
     <span class='ocr_line' id='line_1_11' title="bbox 96 1125 1015 1201; baseline 0.002 -21"><span class='ocrx_word' id='word_1_69' title='bbox 96 1125 174 1181; x_wconf 91' lang='lat' dir='ltr'><strong>dum</strong></span> <span class='ocrx_word' id='word_1_70' title='bbox 198 1129 228 1181; x_wconf 86' lang='lat' dir='ltr'><strong>et</strong></span> <span class='ocrx_word' id='word_1_71' title='bbox 250 1125 451 1183; x_wconf 85' lang='lat' dir='ltr'><strong>laudabiliter</strong></span> <span class='ocrx_word' id='word_1_72' title='bbox 471 1127 539 1183; x_wconf 88' lang='lat' dir='ltr'><strong>fun·</strong></span> <span class='ocrx_word' id='word_1_73' title='bbox 576 1127 658 1201; x_wconf 87' lang='lat' dir='ltr'><strong>puli,</strong></span> <span class='ocrx_word' id='word_1_74' title='bbox 681 1125 774 1183; x_wconf 77' lang='lat' dir='ltr'><strong>etiam</strong></span> <span class='ocrx_word' id='word_1_75' title='bbox 798 1142 816 1181; x_wconf 87' lang='lat' dir='ltr'><strong>a</strong></span> <span class='ocrx_word' id='word_1_76' title='bbox 837 1125 1015 1182; x_wconf 68' lang='lat' dir='ltr'><strong>remolliri-</strong></span> 
     </span>
     <span class='ocr_line' id='line_1_12' title="bbox 95 1205 1015 1277; baseline 0.002 -16"><span class='ocrx_word' id='word_1_77' title='bbox 95 1209 182 1276; x_wconf 85' lang='lat' dir='ltr'><strong>ctus‚</strong></span> <span class='ocrx_word' id='word_1_78' title='bbox 205 1205 284 1262; x_wconf 73' lang='lat' dir='ltr'><strong>abiit</strong></span> <span class='ocrx_word' id='word_1_79' title='bbox 306 1205 347 1261; x_wconf 90' lang='lat' dir='ltr'><strong>ad</strong></span> <span class='ocrx_word' id='word_1_80' title='bbox 369 1205 539 1264; x_wconf 73' lang='lat' dir='ltr'><strong>Diminum</strong></span> <span class='ocrx_word' id='word_1_81' title='bbox 576 1208 635 1264; x_wconf 89' lang='lat' dir='ltr'><strong>bus</strong></span> <span class='ocrx_word' id='word_1_82' title='bbox 657 1206 753 1277; x_wconf 82' lang='lat' dir='ltr'><strong>lociS‚</strong></span> <span class='ocrx_word' id='word_1_83' title='bbox 777 1210 811 1262; x_wconf 84' lang='lat' dir='ltr'><strong>ui</strong></span> <span class='ocrx_word' id='word_1_84' title='bbox 830 1207 912 1263; x_wconf 84' lang='lat' dir='ltr'><strong>inter</strong></span> <span class='ocrx_word' id='word_1_85' title='bbox 936 1207 1015 1264; x_wconf 88' lang='lat' dir='ltr'><strong>cele·</strong></span> 
     </span>
     <span class='ocr_line' id='line_1_13' title="bbox 96 1283 1015 1360; baseline 0.002 -19"><span class='ocrx_word' id='word_1_86' title='bbox 96 1290 128 1342; x_wconf 89' lang='lat' dir='ltr'><strong>et</strong></span> <span class='ocrx_word' id='word_1_87' title='bbox 141 1283 286 1359; x_wconf 80' lang='lat' dir='ltr'><strong>sepultus</strong></span> <span class='ocrx_word' id='word_1_88' title='bbox 300 1289 347 1342; x_wconf 86' lang='lat' dir='ltr'><strong>est</strong></span> <span class='ocrx_word' id='word_1_89' title='bbox 360 1286 392 1342; x_wconf 90' lang='lat' dir='ltr'><strong>in</strong></span> <span class='ocrx_word' id='word_1_90' title='bbox 404 1285 540 1344; x_wconf 76' lang='lat' dir='ltr'><strong>ecclesia</strong></span> <span class='ocrx_word' id='word_1_91' title='bbox 575 1286 731 1344; x_wconf 78' lang='lat' dir='ltr'><strong>berrimas</strong></span> <span class='ocrx_word' id='word_1_92' title='bbox 767 1285 904 1360; x_wconf 76' lang='lat' dir='ltr'><strong>Euripae</strong></span> <span class='ocrx_word' id='word_1_93' title='bbox 947 1287 1015 1360; x_wconf 91' lang='lat' dir='ltr'><strong>pias</strong></span> 
     </span>
     <span class='ocr_line' id='line_1_14' title="bbox 94 1363 1015 1440; baseline 0.001 -18"><span class='ocrx_word' id='word_1_94' title='bbox 94 1366 200 1423; x_wconf 88' lang='lat' dir='ltr'><strong>sancti</strong></span> <span class='ocrx_word' id='word_1_95' title='bbox 221 1363 376 1438; x_wconf 78' lang='lat' dir='ltr'><strong>Eugendi.</strong></span> <span class='ocrx_word' id='word_1_96' title='bbox 397 1367 473 1439; x_wconf 92' lang='lat' dir='ltr'><strong>Ejus</strong></span> <span class='ocrx_word' id='word_1_97' title='bbox 492 1383 538 1423; x_wconf 90' lang='lat' dir='ltr'><strong>se·</strong></span> <span class='ocrx_word' id='word_1_98' title='bbox 576 1364 846 1440; x_wconf 73' lang='lat' dir='ltr'><strong>peregrinatiimes</strong></span> <span class='ocrx_word' id='word_1_99' title='bbox 861 1367 1015 1423; x_wconf 72' lang='lat' dir='ltr'><strong>habeatur</strong></span> 
     </span>
     <span class='ocr_line' id='line_1_15' title="bbox 95 1443 1015 1520; baseline 0.002 -19"><span class='ocrx_word' id='word_1_100' title='bbox 95 1443 247 1519; x_wconf 78' lang='lat' dir='ltr'><strong>pulcrum</strong></span> <span class='ocrx_word' id='word_1_101' title='bbox 276 1446 399 1503; x_wconf 89' lang='lat' dir='ltr'><strong>crebris</strong></span> <span class='ocrx_word' id='word_1_102' title='bbox 425 1448 538 1504; x_wconf 90' lang='lat' dir='ltr'><strong>nobili·</strong></span> <span class='ocrx_word' id='word_1_103' title='bbox 575 1446 787 1520; x_wconf 78' lang='lat' dir='ltr'><strong>peregrinatio</strong></span> <span class='ocrx_word' id='word_1_104' title='bbox 809 1447 848 1503; x_wconf 91' lang='lat' dir='ltr'><strong>ad</strong></span> <span class='ocrx_word' id='word_1_105' title='bbox 872 1451 1015 1504; x_wconf 84' lang='lat' dir='ltr'><strong>sanctum</strong></span> 
     </span>
     <span class='ocr_line' id='line_1_16' title="bbox 95 1526 1014 1600; baseline 0.002 -18"><span class='ocrx_word' id='word_1_106' title='bbox 95 1526 197 1583; x_wconf 76' lang='lat' dir='ltr'><strong>tatum</strong></span> <span class='ocrx_word' id='word_1_107' title='bbox 213 1529 260 1582; x_wconf 85' lang='lat' dir='ltr'><strong>est</strong></span> <span class='ocrx_word' id='word_1_108' title='bbox 273 1526 444 1583; x_wconf 74' lang='lat' dir='ltr'><strong>miraculis.</strong></span> <span class='ocrx_word' id='word_1_109' title='bbox 461 1528 539 1584; x_wconf 90' lang='lat' dir='ltr'><strong>Cum</strong></span> <span class='ocrx_word' id='word_1_110' title='bbox 576 1528 754 1584; x_wconf 74' lang='lat' dir='ltr'><strong>Claudium.</strong></span> <span class='ocrx_word' id='word_1_111' title='bbox 785 1529 855 1600; x_wconf 90' lang='lat' dir='ltr'><strong>lpse</strong></span> <span class='ocrx_word' id='word_1_112' title='bbox 877 1527 1014 1584; x_wconf 91' lang='lat' dir='ltr'><strong>Ludovi-</strong></span> 
     </span>
     <span class='ocr_line' id='line_1_17' title="bbox 95 1605 1015 1678; baseline 0 -15"><span class='ocrx_word' id='word_1_113' title='bbox 95 1606 204 1663; x_wconf 78' lang='lat' dir='ltr'><strong>autem</strong></span> <span class='ocrx_word' id='word_1_114' title='bbox 213 1605 332 1664; x_wconf 84' lang='lat' dir='ltr'><strong>sa&#39;eculo</strong></span> <span class='ocrx_word' id='word_1_115' title='bbox 345 1605 538 1665; x_wconf 74' lang='lat' dir='ltr'><strong>decimoter·</strong></span> <span class='ocrx_word' id='word_1_116' title='bbox 576 1625 632 1665; x_wconf 88' lang='lat' dir='ltr'><strong>cus</strong></span> <span class='ocrx_word' id='word_1_117' title='bbox 667 1605 876 1678; x_wconf 76' lang='lat' dir='ltr'><strong>undecimus,</strong></span> <span class='ocrx_word' id='word_1_118' title='bbox 907 1607 1015 1664; x_wconf 78' lang='lat' dir='ltr'><strong>Galliae</strong></span> 
     </span>
     <span class='ocr_line' id='line_1_18' title="bbox 95 1684 1014 1759; baseline 0 -16"><span class='ocrx_word' id='word_1_119' title='bbox 95 1687 157 1756; x_wconf 90' lang='lat' dir='ltr'><strong>tio,</strong></span> <span class='ocrx_word' id='word_1_120' title='bbox 175 1684 337 1744; x_wconf 72' lang='lat' dir='ltr'><strong>Hubertus</strong></span> <span class='ocrx_word' id='word_1_121' title='bbox 356 1704 374 1743; x_wconf 90' lang='lat' dir='ltr'><strong>a</strong></span> <span class='ocrx_word' id='word_1_122' title='bbox 390 1686 536 1758; x_wconf 78' lang='lat' dir='ltr'><strong>Buenco,</strong></span> <span class='ocrx_word' id='word_1_123' title='bbox 576 1705 646 1759; x_wconf 80' lang='lat' dir='ltr'><strong>rex,</strong></span> <span class='ocrx_word' id='word_1_124' title='bbox 677 1688 775 1745; x_wconf 91' lang='lat' dir='ltr'><strong>multo</strong></span> <span class='ocrx_word' id='word_1_125' title='bbox 809 1704 881 1744; x_wconf 86' lang='lat' dir='ltr'><strong>cum</strong></span> <span class='ocrx_word' id='word_1_126' title='bbox 915 1689 1014 1745; x_wconf 89' lang='lat' dir='ltr'><strong>comi-</strong></span> 
     </span>
     <span class='ocr_line' id='line_1_19' title="bbox 96 1764 1015 1841; baseline 0.001 -18"><span class='ocrx_word' id='word_1_127' title='bbox 96 1764 243 1839; x_wconf 79' lang='lat' dir='ltr'><strong>ejusdem</strong></span> <span class='ocrx_word' id='word_1_128' title='bbox 263 1765 404 1824; x_wconf 71' lang='lat' dir='ltr'><strong>coenibii</strong></span> <span class='ocrx_word' id='word_1_129' title='bbox 423 1768 537 1839; x_wconf 80' lang='lat' dir='ltr'><strong>abbas,</strong></span> <span class='ocrx_word' id='word_1_130' title='bbox 575 1768 640 1825; x_wconf 75' lang='lat' dir='ltr'><strong>tatu</strong></span> <span class='ocrx_word' id='word_1_131' title='bbox 655 1768 695 1823; x_wconf 90' lang='lat' dir='ltr'><strong>ad</strong></span> <span class='ocrx_word' id='word_1_132' title='bbox 711 1769 779 1839; x_wconf 89' lang='lat' dir='ltr'><strong>ejus</strong></span> <span class='ocrx_word' id='word_1_133' title='bbox 791 1767 943 1841; x_wconf 85' lang='lat' dir='ltr'><strong>reliquias</strong></span> <span class='ocrx_word' id='word_1_134' title='bbox 955 1768 1015 1824; x_wconf 90' lang='lat' dir='ltr'><strong>iter</strong></span> 
     </span>
     <span class='ocr_line' id='line_1_20' title="bbox 96 1846 1013 1921; baseline 0.001 -18"><span class='ocrx_word' id='word_1_135' title='bbox 96 1847 224 1904; x_wconf 72' lang='lat' dir='ltr'><strong>Claudii</strong></span> <span class='ocrx_word' id='word_1_136' title='bbox 234 1846 538 1921; x_wconf 81' lang='lat' dir='ltr'><strong>corpusesepirlcro</strong></span> <span class='ocrx_word' id='word_1_137' title='bbox 575 1846 715 1921; x_wconf 77' lang='lat' dir='ltr'><strong>suscepit</strong></span> <span class='ocrx_word' id='word_1_138' title='bbox 740 1865 823 1905; x_wconf 91' lang='lat' dir='ltr'><strong>anno</strong></span> <span class='ocrx_word' id='word_1_139' title='bbox 845 1846 1013 1905; x_wconf 76' lang='lat' dir='ltr'><strong>millesimo</strong></span> 
     </span>
     <span class='ocr_line' id='line_1_21' title="bbox 96 1925 1012 2002; baseline 0 -18"><span class='ocrx_word' id='word_1_140' title='bbox 96 1926 253 1984; x_wconf 86' lang='lat' dir='ltr'><strong>voluisset</strong></span> <span class='ocrx_word' id='word_1_141' title='bbox 281 1925 434 1998; x_wconf 82' lang='lat' dir='ltr'><strong>educere,</strong></span> <span class='ocrx_word' id='word_1_142' title='bbox 460 1927 537 1985; x_wconf 88' lang='lat' dir='ltr'><strong>inte·</strong></span> <span class='ocrx_word' id='word_1_143' title='bbox 576 1926 888 2002; x_wconf 76' lang='lat' dir='ltr'><strong>quadringentesimo</strong></span> <span class='ocrx_word' id='word_1_144' title='bbox 924 1932 1012 1986; x_wconf 84' lang='lat' dir='ltr'><strong>ocio·</strong></span> 
     </span>
     <span class='ocr_line' id='line_1_22' title="bbox 96 2005 1013 2081; baseline 0.001 -18"><span class='ocrx_word' id='word_1_145' title='bbox 96 2021 188 2080; x_wconf 82' lang='lat' dir='ltr'><strong>grum</strong></span> <span class='ocrx_word' id='word_1_146' title='bbox 217 2007 297 2063; x_wconf 90' lang='lat' dir='ltr'><strong>illud</strong></span> <span class='ocrx_word' id='word_1_147' title='bbox 324 2005 461 2080; x_wconf 74' lang='lat' dir='ltr'><strong>reperit,</strong></span> <span class='ocrx_word' id='word_1_148' title='bbox 491 2010 537 2065; x_wconf 91' lang='lat' dir='ltr'><strong>in·</strong></span> <span class='ocrx_word' id='word_1_149' title='bbox 574 2007 695 2081; x_wconf 77' lang='lat' dir='ltr'><strong>gesimo</strong></span> <span class='ocrx_word' id='word_1_150' title='bbox 707 2009 933 2081; x_wconf 84' lang='lat' dir='ltr'><strong>prim0,aique</strong></span> <span class='ocrx_word' id='word_1_151' title='bbox 948 2025 1013 2064; x_wconf 93' lang='lat' dir='ltr'><strong>mo-</strong></span> 
     </span>
     <span class='ocr_line' id='line_1_23' title="bbox 96 2086 1013 2161; baseline 0.001 -18"><span class='ocrx_word' id='word_1_152' title='bbox 96 2086 257 2160; x_wconf 90' lang='lat' dir='ltr'><strong>clusitque</strong></span> <span class='ocrx_word' id='word_1_153' title='bbox 269 2088 302 2143; x_wconf 90' lang='lat' dir='ltr'><strong>in</strong></span> <span class='ocrx_word' id='word_1_154' title='bbox 317 2104 411 2160; x_wconf 90' lang='lat' dir='ltr'><strong>capsa</strong></span> <span class='ocrx_word' id='word_1_155' title='bbox 425 2088 536 2160; x_wconf 75' lang='lat' dir='ltr'><strong>argen-</strong></span> <span class='ocrx_word' id='word_1_156' title='bbox 575 2086 747 2145; x_wconf 77' lang='lat' dir='ltr'><strong>naslerium</strong></span> <span class='ocrx_word' id='word_1_157' title='bbox 766 2087 912 2161; x_wconf 81' lang='lat' dir='ltr'><strong>plurimis</strong></span> <span class='ocrx_word' id='word_1_158' title='bbox 930 2087 1013 2145; x_wconf 90' lang='lat' dir='ltr'><strong>redi-</strong></span> 
     </span>
     <span class='ocr_line' id='line_1_24' title="bbox 95 2167 1013 2240; baseline -0.001 -16"><span class='ocrx_word' id='word_1_159' title='bbox 95 2172 161 2239; x_wconf 86' lang='lat' dir='ltr'><strong>tea‚</strong></span> <span class='ocrx_word' id='word_1_160' title='bbox 179 2168 212 2224; x_wconf 91' lang='lat' dir='ltr'><strong>in</strong></span> <span class='ocrx_word' id='word_1_161' title='bbox 231 2184 293 2240; x_wconf 92' lang='lat' dir='ltr'><strong>qua</strong></span> <span class='ocrx_word' id='word_1_162' title='bbox 310 2168 446 2225; x_wconf 71' lang='lat' dir='ltr'><strong>mixima</strong></span> <span class='ocrx_word' id='word_1_163' title='bbox 465 2186 538 2226; x_wconf 88' lang='lat' dir='ltr'><strong>eum</strong></span> <span class='ocrx_word' id='word_1_164' title='bbox 574 2169 658 2225; x_wconf 84' lang='lat' dir='ltr'><strong>tibus</strong></span> <span class='ocrx_word' id='word_1_165' title='bbox 673 2173 704 2225; x_wconf 89' lang='lat' dir='ltr'><strong>et</strong></span> <span class='ocrx_word' id='word_1_166' title='bbox 713 2167 952 2225; x_wconf 77' lang='lat' dir='ltr'><strong>fundatit&#39;mibus</strong></span> <span class='ocrx_word' id='word_1_167' title='bbox 968 2168 1013 2225; x_wconf 91' lang='lat' dir='ltr'><strong>di-</strong></span> 
     </span>
     <span class='ocr_line' id='line_1_25' title="bbox 96 2247 1013 2318; baseline 0 -14"><span class='ocrx_word' id='word_1_168' title='bbox 96 2247 305 2305; x_wconf 76' lang='lat' dir='ltr'><strong>veneratitine</strong></span> <span class='ocrx_word' id='word_1_169' title='bbox 338 2247 473 2305; x_wconf 86' lang='lat' dir='ltr'><strong>illa&#39;esum</strong></span> <span class='ocrx_word' id='word_1_170' title='bbox 508 2254 538 2306; x_wconf 86' lang='lat' dir='ltr'><strong>et</strong></span> <span class='ocrx_word' id='word_1_171' title='bbox 574 2249 661 2306; x_wconf 73' lang='lat' dir='ltr'><strong>tavit.</strong></span> <span class='ocrx_word' id='word_1_172' title='bbox 705 2250 814 2318; x_wconf 88' lang='lat' dir='ltr'><strong>Anna,</strong></span> <span class='ocrx_word' id='word_1_173' title='bbox 857 2248 1013 2306; x_wconf 86' lang='lat' dir='ltr'><strong>Ludovici</strong></span> 
     </span>
     <span class='ocr_line' id='line_1_26' title="bbox 95 2326 1013 2402; baseline 0 -17"><span class='ocrx_word' id='word_1_174' title='bbox 95 2326 320 2402; x_wconf 84' lang='lat' dir='ltr'><strong>incorruptum</strong></span> <span class='ocrx_word' id='word_1_175' title='bbox 366 2330 536 2386; x_wconf 73' lang='lat' dir='ltr'><strong>conservi·</strong></span> <span class='ocrx_word' id='word_1_176' title='bbox 575 2328 1013 2399; x_wconf 78' lang='lat' dir='ltr'><strong>duodecimiux0r‚saucium</strong></span> 
     </span>
     <span class='ocr_line' id='line_1_27' title="bbox 95 2408 1013 2482; baseline -0.002 -16"><span class='ocrx_word' id='word_1_177' title='bbox 95 2413 162 2466; x_wconf 93' lang='lat' dir='ltr'><strong>tum</strong></span> <span class='ocrx_word' id='word_1_178' title='bbox 181 2413 239 2466; x_wconf 86' lang='lat' dir='ltr'><strong>est.</strong></span> <span class='ocrx_word' id='word_1_179' title='bbox 259 2409 358 2465; x_wconf 92' lang='lat' dir='ltr'><strong>Tanta</strong></span> <span class='ocrx_word' id='word_1_180' title='bbox 372 2409 430 2465; x_wconf 89' lang='lat' dir='ltr'><strong>suit</strong></span> <span class='ocrx_word' id='word_1_181' title='bbox 445 2411 537 2466; x_wconf 91' lang='lat' dir='ltr'><strong>mira·</strong></span> <span class='ocrx_word' id='word_1_182' title='bbox 574 2410 741 2466; x_wconf 75' lang='lat' dir='ltr'><strong>Claudium</strong></span> <span class='ocrx_word' id='word_1_183' title='bbox 773 2414 836 2465; x_wconf 86' lang='lat' dir='ltr'><strong>tam</strong></span> <span class='ocrx_word' id='word_1_184' title='bbox 871 2408 1013 2482; x_wconf 76' lang='lat' dir='ltr'><strong>impense</strong></span> 
     </span>
     <span class='ocr_line' id='line_1_28' title="bbox 96 2488 1012 2562; baseline -0.002 -16"><span class='ocrx_word' id='word_1_185' title='bbox 96 2488 243 2546; x_wconf 81' lang='lat' dir='ltr'><strong>cultirum</strong></span> <span class='ocrx_word' id='word_1_186' title='bbox 253 2505 324 2562; x_wconf 87' lang='lat' dir='ltr'><strong>quae</strong></span> <span class='ocrx_word' id='word_1_187' title='bbox 334 2490 418 2545; x_wconf 92' lang='lat' dir='ltr'><strong>Deus</strong></span> <span class='ocrx_word' id='word_1_188' title='bbox 427 2490 535 2562; x_wconf 75' lang='lat' dir='ltr'><strong>opera·</strong></span> <span class='ocrx_word' id='word_1_189' title='bbox 574 2488 714 2560; x_wconf 78' lang='lat' dir='ltr'><strong>colebat,</strong></span> <span class='ocrx_word' id='word_1_190' title='bbox 742 2495 775 2545; x_wconf 89' lang='lat' dir='ltr'><strong>ut</strong></span> <span class='ocrx_word' id='word_1_191' title='bbox 800 2489 897 2545; x_wconf 87' lang='lat' dir='ltr'><strong>filiam</strong></span> <span class='ocrx_word' id='word_1_192' title='bbox 924 2506 1012 2545; x_wconf 87' lang='lat' dir='ltr'><strong>suam</strong></span> 
     </span>
     <span class='ocr_line' id='line_1_29' title="bbox 95 2567 1013 2643; baseline -0.001 -18"><span class='ocrx_word' id='word_1_193' title='bbox 95 2574 147 2625; x_wconf 86' lang='lat' dir='ltr'><strong>tus</strong></span> <span class='ocrx_word' id='word_1_194' title='bbox 159 2573 207 2626; x_wconf 89' lang='lat' dir='ltr'><strong>est</strong></span> <span class='ocrx_word' id='word_1_195' title='bbox 221 2569 262 2625; x_wconf 92' lang='lat' dir='ltr'><strong>ad</strong></span> <span class='ocrx_word' id='word_1_196' title='bbox 275 2567 426 2642; x_wconf 93' lang='lat' dir='ltr'><strong>reliquias</strong></span> <span class='ocrx_word' id='word_1_197' title='bbox 437 2571 537 2626; x_wconf 78' lang='lat' dir='ltr'><strong>saneti</strong></span> <span class='ocrx_word' id='word_1_198' title='bbox 574 2572 642 2642; x_wconf 86' lang='lat' dir='ltr'><strong>ejus</strong></span> <span class='ocrx_word' id='word_1_199' title='bbox 689 2569 818 2627; x_wconf 73' lang='lat' dir='ltr'><strong>nimine</strong></span> <span class='ocrx_word' id='word_1_200' title='bbox 860 2569 1013 2643; x_wconf 73' lang='lat' dir='ltr'><strong>appellari</strong></span> 
     </span>
     <span class='ocr_line' id='line_1_30' title="bbox 96 2648 1013 2722; baseline -0.001 -16"><span class='ocrx_word' id='word_1_201' title='bbox 96 2649 221 2706; x_wconf 72' lang='lat' dir='ltr'><strong>Claudii</strong></span> <span class='ocrx_word' id='word_1_202' title='bbox 247 2649 344 2720; x_wconf 87' lang='lat' dir='ltr'><strong>sama,</strong></span> <span class='ocrx_word' id='word_1_203' title='bbox 372 2654 406 2705; x_wconf 84' lang='lat' dir='ltr'><strong>ut</strong></span> <span class='ocrx_word' id='word_1_204' title='bbox 429 2667 536 2706; x_wconf 90' lang='lat' dir='ltr'><strong>mona·</strong></span> <span class='ocrx_word' id='word_1_205' title='bbox 573 2648 719 2708; x_wconf 77' lang='lat' dir='ltr'><strong>voluerit.</strong></span> <span class='ocrx_word' id='word_1_206' title='bbox 752 2651 827 2722; x_wconf 88' lang='lat' dir='ltr'><strong>Ejus</strong></span> <span class='ocrx_word' id='word_1_207' title='bbox 860 2649 1013 2706; x_wconf 76' lang='lat' dir='ltr'><strong>miracula</strong></span> 
     </span>
     <span class='ocr_line' id='line_1_31' title="bbox 96 2727 1012 2802; baseline 0 -16"><span class='ocrx_word' id='word_1_208' title='bbox 96 2728 228 2787; x_wconf 74' lang='lat' dir='ltr'><strong>sterium</strong></span> <span class='ocrx_word' id='word_1_209' title='bbox 239 2729 326 2802; x_wconf 92' lang='lat' dir='ltr'><strong>quod</strong></span> <span class='ocrx_word' id='word_1_210' title='bbox 337 2730 426 2802; x_wconf 89' lang='lat' dir='ltr'><strong>prius</strong></span> <span class='ocrx_word' id='word_1_211' title='bbox 435 2732 536 2787; x_wconf 87' lang='lat' dir='ltr'><strong>sancti</strong></span> <span class='ocrx_word' id='word_1_212' title='bbox 573 2736 700 2787; x_wconf 89' lang='lat' dir='ltr'><strong>sanctus</strong></span> <span class='ocrx_word' id='word_1_213' title='bbox 717 2728 906 2786; x_wconf 84' lang='lat' dir='ltr'><strong>Franciscus</strong></span> <span class='ocrx_word' id='word_1_214' title='bbox 926 2727 1012 2786; x_wconf 76' lang='lat' dir='ltr'><strong>Sale·</strong></span> 
     </span>
     <span class='ocr_line' id='line_1_32' title="bbox 95 2807 1012 2882; baseline 0 -16"><span class='ocrx_word' id='word_1_215' title='bbox 95 2807 241 2882; x_wconf 76' lang='lat' dir='ltr'><strong>Eugendi</strong></span> <span class='ocrx_word' id='word_1_216' title='bbox 269 2808 398 2866; x_wconf 71' lang='lat' dir='ltr'><strong>uimine</strong></span> <span class='ocrx_word' id='word_1_217' title='bbox 426 2815 535 2867; x_wconf 89' lang='lat' dir='ltr'><strong>uotum</strong></span> <span class='ocrx_word' id='word_1_218' title='bbox 572 2811 637 2867; x_wconf 89' lang='lat' dir='ltr'><strong>sius</strong></span> <span class='ocrx_word' id='word_1_219' title='bbox 650 2812 682 2866; x_wconf 90' lang='lat' dir='ltr'><strong>in</strong></span> <span class='ocrx_word' id='word_1_220' title='bbox 695 2810 771 2867; x_wconf 91' lang='lat' dir='ltr'><strong>fidei</strong></span> <span class='ocrx_word' id='word_1_221' title='bbox 787 2808 953 2867; x_wconf 71' lang='lat' dir='ltr'><strong>cathulicae</strong></span> <span class='ocrx_word' id='word_1_222' title='bbox 966 2814 1012 2866; x_wconf 90' lang='lat' dir='ltr'><strong>te-</strong></span> 
     </span>
     <span class='ocr_line' id='line_1_33' title="bbox 95 2888 1011 2961; baseline -0.002 -14"><span class='ocrx_word' id='word_1_223' title='bbox 95 2895 178 2961; x_wconf 87' lang='lat' dir='ltr'><strong>erat‚</strong></span> <span class='ocrx_word' id='word_1_224' title='bbox 197 2888 311 2946; x_wconf 88' lang='lat' dir='ltr'><strong>exinde</strong></span> <span class='ocrx_word' id='word_1_225' title='bbox 326 2891 427 2947; x_wconf 87' lang='lat' dir='ltr'><strong>sancti</strong></span> <span class='ocrx_word' id='word_1_226' title='bbox 447 2891 535 2948; x_wconf 77' lang='lat' dir='ltr'><strong>Clau·</strong></span> <span class='ocrx_word' id='word_1_227' title='bbox 573 2889 755 2947; x_wconf 77' lang='lat' dir='ltr'><strong>stimtinium</strong></span> <span class='ocrx_word' id='word_1_228' title='bbox 771 2888 931 2960; x_wconf 75' lang='lat' dir='ltr'><strong>afferebat,</strong></span> <span class='ocrx_word' id='word_1_229' title='bbox 942 2891 1011 2960; x_wconf 89' lang='lat' dir='ltr'><strong>ejus</strong></span> 
     </span>
     <span class='ocr_line' id='line_1_34' title="bbox 95 2968 1010 3044; baseline -0.001 -18"><span class='ocrx_word' id='word_1_230' title='bbox 95 2971 140 3026; x_wconf 90' lang='lat' dir='ltr'><strong>dii</strong></span> <span class='ocrx_word' id='word_1_231' title='bbox 149 2969 367 3042; x_wconf 74' lang='lat' dir='ltr'><strong>nuncupatum</strong></span> <span class='ocrx_word' id='word_1_232' title='bbox 376 2968 480 3042; x_wconf 80' lang='lat' dir='ltr'><strong>fuerit,</strong></span> <span class='ocrx_word' id='word_1_233' title='bbox 493 2975 533 3041; x_wconf 85' lang='lat' dir='ltr'><strong>ei,</strong></span> <span class='ocrx_word' id='word_1_234' title='bbox 573 2971 723 3044; x_wconf 91' lang='lat' dir='ltr'><strong>reliquias</strong></span> <span class='ocrx_word' id='word_1_235' title='bbox 738 2985 849 3042; x_wconf 83' lang='lat' dir='ltr'><strong>magna</strong></span> <span class='ocrx_word' id='word_1_236' title='bbox 866 2987 937 3027; x_wconf 90' lang='lat' dir='ltr'><strong>cum</strong></span> <span class='ocrx_word' id='word_1_237' title='bbox 958 2970 1010 3026; x_wconf 90' lang='lat' dir='ltr'><strong>de-</strong></span> 
     </span>
     <span class='ocr_line' id='line_1_35' title="bbox 96 3048 1011 3123; baseline 0 -17"><span class='ocrx_word' id='word_1_238' title='bbox 96 3048 535 3123; x_wconf 74' lang='lat' dir='ltr'><strong>annomillesimoseptingeu-</strong></span> <span class='ocrx_word' id='word_1_239' title='bbox 574 3051 701 3108; x_wconf 72' lang='lat' dir='ltr'><strong>votiune</strong></span> <span class='ocrx_word' id='word_1_240' title='bbox 724 3051 889 3117; x_wconf 73' lang='lat' dir='ltr'><strong>visitabat,</strong></span> <span class='ocrx_word' id='word_1_241' title='bbox 916 3055 946 3106; x_wconf 84' lang='lat' dir='ltr'><strong>ei</strong></span> <span class='ocrx_word' id='word_1_242' title='bbox 970 3051 1011 3106; x_wconf 93' lang='lat' dir='ltr'><strong>ad</strong></span> 
     </span>
     <span class='ocr_line' id='line_1_36' title="bbox 95 3129 1012 3202; baseline -0.001 -15"><span class='ocrx_word' id='word_1_243' title='bbox 95 3129 209 3188; x_wconf 74' lang='lat' dir='ltr'><strong>tesimo</strong></span> <span class='ocrx_word' id='word_1_244' title='bbox 233 3129 476 3202; x_wconf 73' lang='lat' dir='ltr'><strong>quadragesimo</strong></span> <span class='ocrx_word' id='word_1_245' title='bbox 489 3149 534 3187; x_wconf 93' lang='lat' dir='ltr'><strong>se·</strong></span> <span class='ocrx_word' id='word_1_246' title='bbox 573 3134 641 3202; x_wconf 83' lang='lat' dir='ltr'><strong>ejus</strong></span> <span class='ocrx_word' id='word_1_247' title='bbox 662 3129 832 3200; x_wconf 80' lang='lat' dir='ltr'><strong>tumulum,</strong></span> <span class='ocrx_word' id='word_1_248' title='bbox 851 3130 1012 3186; x_wconf 72' lang='lat' dir='ltr'><strong>societatis</strong></span> 
     </span>
     <span class='ocr_line' id='line_1_37' title="bbox 95 3208 1012 3282; baseline -0.001 -14"><span class='ocrx_word' id='word_1_249' title='bbox 95 3208 535 3282; x_wconf 60' lang='lat' dir='ltr'><strong>eunduejusecclesiainea-</strong></span> <span class='ocrx_word' id='word_1_250' title='bbox 573 3210 766 3267; x_wconf 77' lang='lat' dir='ltr'><strong>Visitaiitinis</strong></span> <span class='ocrx_word' id='word_1_251' title='bbox 783 3211 886 3268; x_wconf 75' lang='lat' dir='ltr'><strong>Beatae</strong></span> <span class='ocrx_word' id='word_1_252' title='bbox 905 3211 1012 3267; x_wconf 87' lang='lat' dir='ltr'><strong>Mariae</strong></span> 
     </span>
     <span class='ocr_line' id='line_1_38' title="bbox 95 3290 1010 3363; baseline 0 -17"><span class='ocrx_word' id='word_1_253' title='bbox 95 3290 535 3348; x_wconf 75' lang='lat' dir='ltr'><strong>thedralemaBenedictode-</strong></span> <span class='ocrx_word' id='word_1_254' title='bbox 572 3292 718 3363; x_wconf 84' lang='lat' dir='ltr'><strong>Virginis,</strong></span> <span class='ocrx_word' id='word_1_255' title='bbox 731 3309 804 3349; x_wconf 89' lang='lat' dir='ltr'><strong>eum</strong></span> <span class='ocrx_word' id='word_1_256' title='bbox 815 3291 906 3347; x_wconf 78' lang='lat' dir='ltr'><strong>beata</strong></span> <span class='ocrx_word' id='word_1_257' title='bbox 916 3290 1010 3347; x_wconf 74' lang='lat' dir='ltr'><strong>loin-</strong></span> 
     </span>
     <span class='ocr_line' id='line_1_39' title="bbox 95 3368 1010 3444; baseline 0 -16"><span class='ocrx_word' id='word_1_258' title='bbox 95 3372 181 3429; x_wconf 88' lang='lat' dir='ltr'><strong>cimo</strong></span> <span class='ocrx_word' id='word_1_259' title='bbox 191 3375 305 3444; x_wconf 87' lang='lat' dir='ltr'><strong>quarto</strong></span> <span class='ocrx_word' id='word_1_260' title='bbox 314 3370 419 3428; x_wconf 79' lang='lat' dir='ltr'><strong>erecta</strong></span> <span class='ocrx_word' id='word_1_261' title='bbox 429 3369 533 3427; x_wconf 81' lang='lat' dir='ltr'><strong>luerit.</strong></span> <span class='ocrx_word' id='word_1_262' title='bbox 573 3388 612 3428; x_wconf 88' lang='lat' dir='ltr'><strong>na</strong></span> <span class='ocrx_word' id='word_1_263' title='bbox 627 3368 1010 3430; x_wconf 74' lang='lat' dir='ltr'><strong>Franciscafundamenia</strong></span> 
     </span>
     <span class='ocr_line' id='line_1_40' title="bbox 138 3447 1010 3523; baseline 0.006 -21"><span class='ocrx_word' id='word_1_264' title='bbox 138 3447 171 3513; x_wconf 75' lang='lat' dir='ltr'><strong>ll.</strong></span> <span class='ocrx_word' id='word_1_265' title='bbox 188 3450 293 3508; x_wconf 82' lang='lat' dir='ltr'><strong>P6sui.</strong></span> <span class='ocrx_word' id='word_1_266' title='bbox 569 3453 656 3523; x_wconf 85' lang='lat' dir='ltr'><strong>jecit.</strong></span> <span class='ocrx_word' id='word_1_267' title='bbox 685 3453 792 3508; x_wconf 82' lang='lat' dir='ltr'><strong>Exstat</strong></span> <span class='ocrx_word' id='word_1_268' title='bbox 820 3453 928 3509; x_wconf 88' lang='lat' dir='ltr'><strong>Romae</strong></span> <span class='ocrx_word' id='word_1_269' title='bbox 952 3452 1010 3507; x_wconf 91' lang='lat' dir='ltr'><strong>sub</strong></span> 
     </span>
     <span class='ocr_line' id='line_1_41' title="bbox 232 3527 1010 3596; baseline -0.003 -8"><span class='ocrx_word' id='word_1_270' title='bbox 232 3527 340 3582; x_wconf 72' lang='lat' dir='ltr'><strong>Lectio</strong></span> <span class='ocrx_word' id='word_1_271' title='bbox 357 3528 398 3596; x_wconf 85' lang='lat' dir='ltr'><strong>vj.</strong></span> <span class='ocrx_word' id='word_1_272' title='bbox 571 3532 655 3589; x_wconf 76' lang='lat' dir='ltr'><strong>beati</strong></span> <span class='ocrx_word' id='word_1_273' title='bbox 670 3532 793 3588; x_wconf 73' lang='lat' dir='ltr'><strong>Claudii</strong></span> <span class='ocrx_word' id='word_1_274' title='bbox 808 3530 1010 3589; x_wconf 76' lang='lat' dir='ltr'><strong>invocatiine</strong></span> 
     </span>
    </p>

    <p class='ocr_par' dir='ltr' id='par_1_3' title="bbox 98 3610 1009 3766">
     <span class='ocr_line' id='line_1_42' title="bbox 150 3610 1008 3686; baseline -0.001 -19"><span class='ocrx_word' id='word_1_275' title='bbox 150 3627 255 3668; x_wconf 71' lang='lat' dir='ltr'><strong>uarro</strong></span> <span class='ocrx_word' id='word_1_276' title='bbox 278 3611 309 3667; x_wconf 91' lang='lat' dir='ltr'><strong>in</strong></span> <span class='ocrx_word' id='word_1_277' title='bbox 329 3611 453 3668; x_wconf 83' lang='lat' dir='ltr'><strong>hon6re</strong></span> <span class='ocrx_word' id='word_1_278' title='bbox 469 3610 533 3669; x_wconf 76' lang='lat' dir='ltr'><strong>frie-</strong></span> <span class='ocrx_word' id='word_1_279' title='bbox 571 3610 706 3669; x_wconf 76' lang='lat' dir='ltr'><strong>eeclesia</strong></span> <span class='ocrx_word' id='word_1_280' title='bbox 721 3629 793 3686; x_wconf 88' lang='lat' dir='ltr'><strong>quae</strong></span> <span class='ocrx_word' id='word_1_281' title='bbox 812 3610 1008 3684; x_wconf 71' lang='lat' dir='ltr'><strong>Burgundii)-</strong></span> 
     </span>
     <span class='ocr_line' id='line_1_43' title="bbox 98 3623 1009 3766; baseline -0.001 -18"><span class='ocrx_word' id='word_1_282' title='bbox 98 3623 145 3766; x_wconf 73' lang='grc' dir='ltr'><strong>Ο</strong></span> <span class='ocrx_word' id='word_1_283' title='bbox 170 3692 212 3748; x_wconf 92' lang='lat' dir='ltr'><strong>rit</strong></span> <span class='ocrx_word' id='word_1_284' title='bbox 226 3696 354 3749; x_wconf 89' lang='lat' dir='ltr'><strong>sanctus</strong></span> <span class='ocrx_word' id='word_1_285' title='bbox 369 3692 530 3763; x_wconf 69' lang='lat' dir='ltr'><strong>Cliudius</strong></span> <span class='ocrx_word' id='word_1_286' title='bbox 570 3705 645 3749; x_wconf 90' lang='lat' dir='ltr'><strong>num</strong></span> <span class='ocrx_word' id='word_1_287' title='bbox 665 3693 876 3766; x_wconf 76' lang='lat' dir='ltr'><strong>nuncupatur,</strong></span> <span class='ocrx_word' id='word_1_288' title='bbox 894 3694 926 3748; x_wconf 89' lang='lat' dir='ltr'><strong>in</strong></span> <span class='ocrx_word' id='word_1_289' title='bbox 947 3708 1009 3763; x_wconf 92' lang='lat' dir='ltr'><strong>qua</strong></span> 
     </span>
    </p>
   </div>
   <div class='ocr_carea' id='block_1_3' title="bbox 0 0 1212 4162">
    <p class='ocr_par' dir='ltr' id='par_1_4' title="bbox 0 0 1212 4162">
     <span class='ocr_line' id='line_1_44' title="bbox 0 0 1212 4162; baseline 0 0"><span class='ocrx_word' id='word_1_290' title='bbox 0 0 1212 4162; x_wconf 95' lang='lat' dir='ltr'><strong> </strong></span> 
     </span>
    </p>
   </div>
  </div>
 </body>
</html>
