2416 4162
232 117 233 120 ’
274 107 289 165 1
313 122 386 166 osc.
403 139 443 150 -
458 124 485 166 s.
509 121 608 166 pmcn
629 121 731 167 serso.
755 123 795 166 rer
817 122 910 165 conr.
1042 107 1079 164 63

99 221 169 279 totu
189 219 347 279 exstrdcia
366 226 440 278 sunt
460 222 577 295 templa
610 220 823 295 ptentridnem
847 219 998 294 populos,
1019 238 1082 277 non
1185 237 1187 242 ·

101 307 134 360 et
163 300 366 359 monasteria.
403 302 577 359 Solemnia—
611 303 680 359 sine
693 316 807 374 magno
824 299 934 358 iabdre
954 317 992 359 ac
1010 302 1084 359 vitae

101 381 200 441 cense
217 383 250 439 in
269 380 494 440 Lemovicibus
515 398 577 440 coe-
613 381 813 452 discrimine,
848 381 889 437 ad
924 381 1083 439 Christum

101 463 237 520 nobium
267 461 422 519 cdndidit.
449 461 578 518 Parisiis
612 460 754 519 adddxit.
780 460 867 519 Sedit
885 462 917 517 in
945 460 1083 518 concilio
1187 533 1190 539 p

101 541 577 600 aedificaiviimonasidriumvir-
613 541 817 599 Cabilonensi
839 542 897 598 sub
920 539 1083 599 Ciodovdo

102 625 225 697 ginum.
247 623 436 680 Instaurdvit
457 622 578 679 ibidem
612 621 766 680 secdndo.
801 622 896 679 Mulio
929 620 1083 695 praecldre

102 704 270 762 basilicam
291 704 391 761 sancti
410 703 576 774 Martidlis,
612 704 759 776 scripsit,
784 701 877 774 ejecit
902 702 1080 772 daemones,

102 785 138 841 in
159 801 255 858 quam
276 801 348 841 cum
368 783 578 857 sanetiAqui-
612 781 716 840 iutdra
741 782 894 840 divinitus
918 782 1080 856 praedixit,

102 864 200 921 taniae
211 863 354 938 Apostoli
368 863 512 938 reliquiae
525 863 577 921 de·
612 862 746 937 aliisque
767 862 930 920 miraculis
952 860 1083 919 illdstris

103 942 324 1020 portarentur,
350 941 577 1018 procederint·
612 941 692 1000 obiit
708 943 984 1017 septuagendrius,
1000 943 1081 1000 desi-

104 1042 168 1099 que
203 1026 292 1097 juxta
326 1024 504 1095 circerem,
540 1041 578 1081 ex
611 1022 706 1081 nc'nte
733 1024 784 1081 die
810 1022 919 1080 dliima
947 1022 1082 1080 Novem-

103 1105 199 1178 Eligii
213 1103 578 1178 consilio‚psailentium
611 1104 698 1176 bris,
733 1121 817 1160 anno
853 1102 1082 1161 sexcentesimo

103 1186 214 1257 chori,
238 1185 318 1243 dsiia
341 1185 488 1243 obserdta
509 1186 577 1243 vin·
612 1183 873 1259 quinquagdsimo
887 1201 988 1255 nono,
1003 1185 1084 1241 hora

103 1266 166 1324 ctis
180 1264 302 1324 ca'elitus
312 1263 491 1339 patuerunt.
507 1263 577 1323 Phi·
610 1265 714 1339 prima
737 1265 857 1336 noctis,
880 1268 911 1322 et
934 1262 1083 1322 Novidmi

101 1347 186 1404 rima
208 1343 343 1403 diversis
362 1344 575 1419 temporibus,
596 1343 753 1419 'sepdltus
786 1349 842 1402 est.
880 1346 956 1417 EJus
989 1344 1083 1401 funus

103 1426 200 1496 duro,
215 1424 361 1498 argento,
382 1424 577 1500 gemmisque
611 1430 719 1483 sancta
727 1425 836 1498 regina
846 1424 1000 1482 Bathildis
1010 1441 1082 1482 cum

102 1506 232 1565 orndvit
269 1504 415 1580 sepdlcra
453 1504 577 1563 sanctd-
610 1505 720 1563 liberis
744 1503 915 1580 prosecirta
938 1509 995 1562 est.
1024 1505 1081 1561 Vd-

101 1604 186 1645 rum.
205 1588 251 1644 Dc
268 1584 420 1644 Eccldsiae
437 1585 577 1660 discipli·
611 1587 683 1656 riae,
705 1584 841 1643 diversis
866 1583 1080 1658 tempdribus,

102 1683 146 1725 na
170 1665 341 1739 sollicitus,
369 1666 577 1725 simonidcam
611 1667 643 1722 in
661 1664 888 1723 monasterium
911 1665 1082 1722 Solemnia-

100 1747 225 1818 labem‚
241 1764 313 1822 quae
332 1746 410 1805 alias
428 1747 462 1804 in
478 1745 578 1803 Gdliia
611 1745 706 1804 cdnse
724 1762 825 1820 prope
842 1744 1044 1812 Lemdvicas,
1066 1760 1083 1802 e

101 1825 230 1885 radices
244 1825 365 1900 egerat,
379 1825 574 1900 exstirpavit.
610 1824 817 1884 Noviomensi
827 1823 971 1884 Ecclesia
981 1825 1083 1882 saneti

144 1907 178 1977 ii.
196 1905 302 1964 Posui.
610 1906 774 1963 Pontificis
783 1905 942 1963 translatae
953 1907 1025 1962 sunt
1034 1921 1082 1962 re-

258 2002 371 2045 cremo
392 2003 424 2043 vr
610 1986 729 2060 liquiae.

157 2084 287 2125 arcem
314 2068 354 2124 ad
381 2065 575 2124 Noviomen-
651 2068 684 2137 ii.
700 2069 831 2124 isteest.

174 2164 241 2205 sem
277 2147 496 2222 episcopdtum
529 2164 576 2204 as·
713 2161 988 2210 1N111.NOCTURNO

104 2226 264 2302 sdmptus,
284 2245 348 2285 non
369 2228 466 2284 modo
484 2225 577 2285 saliiti
649 2228 763 2284 Hamil.
784 2229 814 2283 in
835 2227 953 2300 Eoonp.
970 2226 1082 2299 Vigili-

104 2309 208 2381 gregis
230 2309 291 2367 sibi
314 2307 476 2366 commissi
497 2308 577 2365 invi·
611 2312 652 2364 te.
670 2309 707 2364 de
723 2308 838 2365 Comm.
855 2309 888 2363 2⁰
904 2308 979 2363 ioco.

104 2388 229 2461 gilavit,
251 2389 308 2446 sed
325 2392 356 2445 et
375 2389 530 2446 Flandros
547 2392 578 2445 et
650 2390 688 2445 In
719 2389 763 2445 ΙΙ.
798 2388 882 2460 Vesp.
916 2388 1080 2443 Commem.

105 2469 243 2541 Frisios,
276 2468 420 2543 aliosque
457 2469 497 2526 ad
531 2486 577 2526 se·
610 2486 672 2542 seq.
