2416 4162
160 259 199 315 28
253 253 338 310 Ordo
355 254 539 313 Officiorum
556 258 708 316 Dioeresis
724 260 829 319 Sancti
845 263 979 322 Claudii.

160 366 192 416 28
220 367 245 417 S.
262 367 355 417 Felicis
370 367 401 416 de
413 367 500 417 Valois
512 368 584 418 Cani.
601 370 672 482 dugl.
691 370 718 433 (e
732 370 763 420 20
775 370 854 442 hujus
866 370 985 436 mensis).

160 429 191 478 ‘29
220 429 413 541 S.MC;>1l;1mbani
425 430 540 493 Abbatis,
552 432 623 496 dupl.
653 448 777 482 ommam.
787 433 862 497 Vigil.
871 439 897 483 et
905 433 930 484 S.
941 433 1078 484 Saturnini

536 607 732 660 DECEMBRl
739 612 756 660 S

175 739 188 788 l
220 737 245 787 S.
262 736 337 800 Eligii
350 736 435 800 Episc.
451 742 476 786 et
490 736 563 786 Cous.
577 737 669 787 semid.

338 1093 528 1162 LICENTIA
554 1093 600 1161 lii
628 1095 880 1166 APPROBATIO

189 1407 285 1458 Cnsnn
307 1409 407 1458 losiirii
428 1396 577 1470 MARPOT,
596 1408 641 1456 Dei
658 1414 683 1458 et
699 1407 800 1458 Sancta
818 1407 893 1456 Sedis
914 1408 1075 1472 apostolice

158 1471 252 1534 gratia,
268 1470 411 1534 Episcopus
423 1469 509 1520 Sancti
526 1470 638 1532 Claudii,

189 1558 325 1606 Tastamur
339 1557 410 1605 hunc
431 1563 585 1620 praesentem
602 1555 754 1606 Officiorum
771 1556 881 1606 Dioecesi
896 1563 991 1607 nostrae
1007 1573 1072 1621 pro-

158 1620 274 1682 priorum
289 1620 426 1680 Ordinem,
444 1620 605 1680 Turonibus,
621 1621 688 1683 typis
706 1621 733 1669 Α.
750 1621 833 1669 Mame
852 1634 991 1681 excusum,
1008 1634 1073 1670 cou-

157 1682 264 1731 cordare
284 1697 344 1731 cum
363 1683 490 1746 originali
509 1698 523 1731 a
543 1681 568 1732 S.
590 1682 655 1732 Sede
676 1682 820 1746 apostolica
837 1682 869 1732 ad
886 1682 994 1746 probata
1012 1689 1071 1733 eta

156 1745 231 1794 nobis
246 1746 419 1810 promulgato.

186 1857 280 1929 llatum
292 1855 380 1928 Sancti
395 1856 505 1930 Claudii,
518 1857 566 1906 suh
581 1857 656 1921 signo
672 1857 810 1968 sigillogue
824 1855 929 1929 nostris,
940 1862 965 1906 et
974 1855 1071 1930 Secre-

156 1923 213 1966 tarn
228 1924 310 1968 nostri
325 1919 527 1983 subscriptione,
542 1934 611 1969 anno
630 1920 733 1968 Domini
748 1919 761 1968 l
779 1918 822 1980 96,
839 1919 881 1968 die
893 1933 953 1968 vero
968 1933 1070 1970 mensis

155 1980 312 2044 Septembris
326 1983 419 2045 prima.

387 2168 405 2230 †
424 2166 537 2219 CAESAR
553 2169 576 2218 J.
593 2172 742 2220 Erisuori's
761 2173 854 2222 Sinuri
872 2174 992 2225 Cini'nii.

390 3649 463 3691 23515.
474 3673 499 3680 -
510 3651 648 3704 Turonibus‚
661 3652 719 3707 typis
731 3655 812 3695 Mume.
