2416 4162
160 98 195 154 11
220 98 295 156 aovi
311 129 352 139 -
368 113 395 155 s.
419 112 554 155 rraarmr
575 113 696 156 ruuou.
720 112 823 156 arrsc.
847 113 886 155 ar
908 113 1001 155 cour.
1047 98 1084 155 49

102 228 138 270 se
167 208 323 282 sentiens,
354 215 489 269 mortem
517 212 578 268 sibi
612 210 693 282 tine,
725 213 836 269 Pastor
864 209 1003 285 egregie,
1030 228 1086 269 ora

102 290 274 350 imminere
303 291 471 367 discipulis
497 293 578 349 indi·
612 309 672 366 pro
688 293 908 351 nobisDeum.

104 374 200 431 cevit.
217 371 460 447 Ingravescente
472 373 576 445 febre,
653 374 686 440 l.
698 372 808 430 Venite
816 372 889 444 filii,
903 372 1009 431 audite
1022 389 1083 430 me.

103 455 137 511 in
154 453 261 511 cinere
277 457 307 511 et
326 452 432 511 cilicio
451 451 579 511 decum·
613 453 816 523 tl.Timerem
826 452 953 512 Demini
961 453 1086 512 docebo

104 535 201 607 bens,
220 535 337 592 nevile
353 534 483 609 quidem
501 539 579 591 stra·
613 551 682 592 vos.

104 632 178 673 men
194 616 255 672 sibi
266 612 381 688 sdbjici
393 631 505 690 passus
520 619 577 672 est.
614 612 724 672 Lectio
744 616 846 674 sancti
861 614 1023 689 Evangelii
1036 631 1085 672 se·

105 696 245 770 Rogetus
273 713 291 752 a
320 693 518 770 presbyteris
546 700 581 752 ut
706 693 846 753 cundum
862 698 991 754 Lucam.

105 792 225 851 corpus
239 777 272 833 in
287 776 421 834 elterum
435 776 517 834 latus
531 792 580 834 re·
664 792 776 834 necno
798 794 852 834 vn.
896 778 968 850 Cap.
988 779 1034 834 11.

106 857 449 915 clinendosubleveret
462 878 467 914 :
482 857 580 914 Sinite
649 873 669 915 u
685 857 740 914 illo
755 855 899 931 tempore
916 878 922 915 :
941 859 1025 914 Dixit
1036 857 1085 914 Je-

106 954 173 1009 me,
194 939 314 1012 inquit,
337 938 451 996 caelum
474 938 580 1013 petius
615 876 642 994 Ι
659 955 712 995 sus
726 939 828 995 turbis
842 959 848 996 :
863 940 963 996 Nemo
979 936 1083 995 lucer-

106 1018 269 1094 respicere
285 1035 380 1092 quam
395 1023 529 1090 terram,
546 1023 581 1076 ut
615 1035 687 1075 nam
714 1017 878 1089 accendit,
903 1020 989 1076 etin
1015 1019 1086 1075 abs·-

106 1117 165 1157 suo
188 1101 254 1172 jam
279 1099 393 1178 itinere
416 1097 518 1156 iturus
539 1100 579 1156 ad
616 1098 748 1156 cendito
770 1100 876 1173 ponit,
902 1116 1005 1173 neque
1028 1100 1087 1156 sub

106 1179 278 1238 Deminum
304 1179 434 1254 spiritus
465 1180 580 1253 dirige·
613 1178 739 1251 medio,
757 1179 813 1236 sed
829 1197 925 1254 supra
940 1179 1086 1238 candele·

106 1266 168 1319 tur.
197 1261 335 1318 lustente
363 1261 428 1333 jam
460 1264 578 1332 morte,
614 1261 723 1332 brum,
741 1262 844 1335 utqui
863 1259 1085 1333 ingrediuntur

106 1343 177 1400 viso
204 1340 351 1398 daemone
375 1362 381 1398 2
405 1341 496 1410 -Quid
526 1342 580 1399 hic
614 1341 721 1398 lumen
736 1341 876 1399 videant.
894 1343 932 1399 Et
952 1340 1085 1415 reliqua.

107 1422 230 1494 adstas,
247 1422 365 1497 inquit,
381 1419 512 1479 cruenta
527 1419 580 1478 be·
635 1421 774 1479 Homilia
793 1423 894 1480 sancti
913 1422 1068 1479 Bernerdi

107 1504 187 1561 stia‘l
198 1502 284 1560 Nihil
304 1504 337 1560 in
354 1518 421 1574 me,
439 1501 578 1573 funeste,
777 1502 918 1559 Abbetis.

106 1582 268 1658 reperies:
284 1584 418 1640 Abrahae
433 1599 483 1640 me
493 1583 581 1640 sinus
634 1582 803 1655 Infestos.
817 1582 950 1653 Martini,
966 1592 1000 1638 n⁰
1017 1583 1065 1639 12.

108 1662 581 1739 recipietssainvoceenimam
617 1735 619 1739 ι
679 1667 843 1720 nnrlnus
864 1661 996 1720 lucerna
1021 1666 1089 1720 erat

108 1748 176 1804 Deo
190 1743 341 1802 reddidit.
689 1743 805 1801 ardens
821 1748 851 1801 et
866 1745 995 1801 lucens:
1016 1760 1088 1801 eum

148 1826 183 1896 il.
204 1823 358 1883 Dixerunt
373 1823 522 1899 discipuli
541 1824 581 1882 ad
616 1824 727 1882 saltem
747 1841 812 1881 non
831 1823 935 1898 pigeat
953 1823 1086 1897 imiteri3

108 1906 237 1964 beetum
248 1905 414 1963 Martinum
431 1908 583 1964 :Carnos
616 1905 673 1962 sed
692 1905 810 1962 imiteri
829 1906 862 1962 in
882 1922 919 1962 eo
940 1905 1027 1979 quod
1043 1909 1090 1961 est

109 1989 203 2044 Pater
220 1984 357 2057 deseris,
378 1991 432 2043 aut
451 1988 503 2044 cui
524 2003 582 2042 nos
616 1985 785 2057 imitebile‚
801 2001 866 2042 non
881 1986 986 2042 eutem
1000 1984 1087 2060 quod

111 2067 273 2125 desoletos
289 2063 582 2140 relinquis‘t*1nve-
617 2066 763 2123 mirebile
815 2064 991 2124 exhibetur.
1040 2065 1088 2122 Ad

110 2149 186 2206 dent
219 2149 303 2204 enim
336 2162 461 2221 gregem
494 2152 582 2204 tuum
617 2163 758 2203 mensam
786 2146 893 2204 divitis
914 2147 1007 2203 sedes
1032 2145 1088 2202 he-

110 2229 178 2303 lupi
212 2229 355 2302 rapdces.
392 2229 426 2294 lv.
460 2228 583 2286 Scimus
618 2228 685 2300 die3
719 2226 888 2300 diligenter
920 2225 1090 2284 considera

110 2309 242 2384 quidem
253 2309 436 2366 desiderere
451 2315 481 2366 te
495 2309 582 2366 Chri·
618 2324 689 2382 quae
699 2308 757 2364 tibi
768 2307 988 2382 apponuntur:
1005 2323 1088 2381 quae-

110 2396 209 2461 stum,
234 2391 291 2446 sed
315 2390 402 2447 salva
427 2394 500 2446 sunt
525 2390 583 2446 tibi
619 2405 690 2445 nam
710 2388 861 2446 videlicet
884 2390 924 2446 ad
953 2389 1088 2445 admira-

110 2477 164 2529 tua
186 2470 332 2544 praemia;
355 2471 456 2527 nostri
478 2469 584 2544 petius
617 2468 753 2540 tienem,
767 2486 838 2544 quae
848 2486 925 2528 vero
937 2470 977 2526 ad
988 2469 1089 2526 imita·

111 2550 262 2609 miserere
283 2568 364 2625 quos
385 2549 517 2608 deseris.
536 2553 583 2607 ln·
617 2549 747 2607 lienem.
762 2548 898 2607 Hdmilis
912 2550 970 2607 fuit
983 2555 1013 2606 et
1026 2547 1088 2623 spi-

111 2633 230 2691 vedent
251 2633 335 2689 enim
356 2646 492 2705 gregem.
509 2631 582 2688 Gle-
619 2631 682 2688 ritu
700 2630 823 2705 peuper
844 2632 902 2688 iste
921 2630 1088 2701 Martinus,

112 2715 160 2771 ria
188 2713 283 2770 Patri.
316 2711 471 2771 lnvedcnt
499 2713 584 2770 enim
619 2711 700 2768 sicut
719 2711 956 2769 evidentissime
973 2711 1089 2785 probat

112 2809 249 2868 gregem.
619 2790 830 2866 ellectusipse
843 2791 1088 2864 divinaegrrltiae,

213 2888 487 2938 1N111.NOCTL'RNO
620 2890 713 2946 quam
742 2871 887 2947 prolecto
915 2873 1000 2929 Deus
1026 2875 1089 2929 tam

151 2956 223 3013 Ant.
232 2954 485 3012 Deminuslesus
496 2955 585 3011 Chri·
619 2953 748 3010 multam
761 2953 822 3009 nisi
835 2953 968 3010 multum
979 2950 1091 3009 humili

112 3041 179 3095 stus
201 3053 264 3092 non
284 3036 508 3111 purpuretum,
533 3041 585 3092 aut
619 3051 683 3090 non
710 3033 860 3090 dedisset.
882 3036 1014 3090 Tantam
1038 3034 1091 3089 ad·

113 3116 293 3175 diademate
329 3114 518 3174 renitentem
551 3133 585 3174 se
620 3114 731 3172 versus
752 3131 863 3172 omnes
883 3113 1015 3187 injdrias
1037 3131 1090 3188 pa-

112 3197 282 3257 ventdrum
298 3215 367 3255 esse
381 3197 538 3272 praedixit.
618 3194 760 3253 tientiam
797 3194 1025 3269 assdmpserat,
1058 3200 1091 3251 ut

153 3280 219 3335 Pss.
235 3281 297 3335 III.
310 3281 398 3337 Nocl.
414 3280 451 3336 de
469 3279 583 3336 Comm.
620 3294 692 3335 cum
713 3281 794 3333 esset
814 3294 956 3333 summus
983 3275 1091 3332 Sacer-

114 3362 202 3417 unius
214 3360 305 3416 Muri.
620 3359 694 3429 deS,
712 3356 840 3431 impr'me
857 3357 949 3414 etiam
966 3357 1005 3413 ab
1021 3356 1091 3412 inii-

154 3442 225 3498 Aul.
246 3440 402 3498 Sacerdos
417 3442 489 3511 Dei,
507 3441 585 3496 Mar·
620 3441 680 3496 mis
697 3437 823 3496 clericis
843 3436 1022 3494 laederetur.
1044 3438 1090 3494 Ad

113 3521 194 3592 tine,
217 3520 317 3595 aperti
338 3527 410 3578 sunt
427 3523 484 3578 tibi
498 3522 583 3592 caeli,
620 3521 732 3577 caelum
748 3518 897 3592 lucrymae
913 3520 981 3591 ejus
996 3536 1014 3574 a
1028 3535 1091 3574 ma-

115 3609 144 3660 ct
160 3618 291 3675 regnum
308 3604 408 3660 Patris
421 3604 494 3659 mei.
620 3600 693 3657 xilla
718 3598 892 3657 ascendere
914 3597 1090 3656 consuere·

154 3686 226 3741 Ant.
242 3683 399 3741 Sacerdos
417 3684 585 3754 Dei‚Mar-
620 3686 705 3754 rant;
736 3683 852 3757 quibus
874 3682 919 3739 sic
948 3681 1089 3738 abunde-

1076 3933 1145 3980 lus
