2416 4162
147 322 190 356 me
206 307 370 380 infrascripto
391 307 523 357 cardinali
547 308 632 358 Sacrae
649 309 742 360 'eidem
766 310 968 376 congregationi
987 313 1058 361 Prae-

146 372 225 430 secto,
244 371 408 432 Rescriptum
427 385 506 420 sacrae
521 371 602 434 ipsius
617 371 830 438 Congregationis
844 381 930 423 ratum
943 374 1056 432 habens,

147 433 261 496 benigne
275 433 418 482 concedere
432 434 536 497 dignata
551 440 602 493 est,
615 441 644 483 ut
660 437 692 485 ab
706 438 829 485 universo
846 436 923 486 Clero
940 438 1060 487 saeculari

147 496 288 544 dioeceseos
303 495 390 544 Sancti
404 495 503 545 Claudii
517 503 542 546 et
558 511 572 545 a
592 497 728 561 Religiosis
748 514 778 548 ac
796 500 954 549 Monialibus
969 499 1060 549 Calen-

147 558 218 606 dario
240 559 392 607 Dioecesano
411 559 556 619 utentibus,
576 559 604 608 in
623 560 701 609 Horis
720 560 858 612 Canonicis
879 563 1060 625 persolvendis

146 627 223 683 atque
234 621 262 669 in
277 621 355 670 Sacro
369 621 531 685 peragendo,
547 622 616 670 idem
636 623 820 673 Calendarium
836 631 861 674 et
877 625 1017 688 Proprium
1033 624 1060 672 in

147 689 281 745 posterum
295 684 413 733 adhiberi
428 684 524 747 valeat;
540 684 625 734 addita
638 691 727 735 tamen
742 687 903 747 conditione,
917 693 958 748 ut,
972 687 1059 736 statim

147 751 223 808 atque
243 761 271 795 ea
290 746 358 810 typis
373 762 434 796 cusa
448 747 558 804 luerint,
575 747 671 810 duplex
683 750 817 812 exemplar
836 750 868 798 ad
886 750 993 798 Sacram
1012 749 1059 799 Ri-

146 814 221 856 tuum
229 809 462 873 Congregationem
469 809 668 860 transmittatur.
680 810 821 861 Contrariis
830 827 884 861 non
894 812 1061 862 obstantibus

147 871 365 935 quibuscumque.

224 982 271 1031 Die
285 983 299 1032 7
311 983 373 1034 Julii
386 982 457 1033 4896.

313 1130 331 1191 -5-
350 1119 406 1169 Car.
422 1119 496 1168 Card.
513 1120 749 1170 troisi-ursana
762 1124 787 1172 S.
803 1124 832 1170 R.
847 1120 875 1170 C.
890 1120 1007 1168 Praelcct

193 1231 277 1279 Locus
296 1240 314 1302 †
321 1230 409 1295 sigilli.

505 1319 629 1368 Aimsrus
643 1318 755 1368 Turrani
768 1314 792 1363 S.
807 1314 837 1363 R.
852 1312 879 1360 C.
892 1313 986 1362 Secrct.

178 1549 340 1612 Quapropter
358 1549 390 1599 de
410 1549 604 1600 Venerabilium
627 1550 738 1599 fratrum
765 1555 915 1599 nostrorum
940 1549 1061 1600 Ecclesiae

146 1621 249 1670 Nostrae
274 1620 433 1670 Cathedralis
459 1621 650 1671 Canonicorum
676 1621 799 1682 consilio,
826 1621 949 1684 praesenti
969 1627 1059 1670 nostro

147 1693 269 1741 mandato
284 1692 405 1742 omnihus
417 1699 442 1741 et
457 1692 567 1756 singulis
580 1692 612 1741 de
631 1692 708 1742 Clero
725 1697 814 1742 nostro
827 1692 871 1756 qui
886 1692 919 1741 ad
935 1691 1059 1743 Officium

147 1763 265 1812 divinum
279 1768 410 1825 tenentur,
426 1764 581 1813 mandamus
593 1779 624 1813 ac
639 1764 805 1828 praecipimus
820 1764 890 1812 utin
911 1763 1059 1812 divinarum

146 1836 264 1885 Laudum
277 1836 428 1885 recitatione
440 1836 632 1898 Missarumque
646 1836 819 1885 celebratione
835 1835 960 1885 Ordinem
972 1835 1059 1884 Sancti

148 1906 248 1956 Claudii
269 1907 405 1971 proprium
427 1907 572 1970 subjectum
596 1906 832 1970 Calendariumque
857 1911 1011 1970 perpetuum
1038 1906 1061 1954 ei

147 1979 278 2028 adnexum
292 1978 452 2029 adamussim
464 1984 557 2028 curent
568 1978 715 2028 observare.

178 2099 271 2150 Datum
284 2100 371 2150 Sancti
384 2099 483 2150 Claudii
499 2099 548 2148 sub
562 2099 637 2163 signo
649 2099 787 2161 sigilloque
807 2096 904 2146 nostris
924 2111 954 2146 ac
970 2096 1060 2146 Secre-

145 2171 205 2220 tarii
226 2171 396 2236 Episcopatus
424 2171 508 2220 nostri
535 2170 744 2232 subscriptione,
763 2184 831 2219 anno
854 2167 960 2217 Domini
984 2167 1058 2228 1896,

146 2241 188 2290 die
205 2257 262 2291 vero
272 2243 357 2306 prima
370 2242 469 2291 mensis
480 2241 648 2306 Septembris.

362 2424 381 2485 'l‘
403 2428 516 2479 CAEis
532 2431 554 2481 J.
574 2424 723 2486 Episcopus
740 2421 837 2470 Snxc'n
855 2421 974 2470 Crnrun.
