2416 4162
145 322 187 356 me
204 306 368 378 infrascripto
389 305 520 355 Cardinali
544 306 629 356 Sacrae
653 307 738 357 eidem
762 307 962 372 Congregationi
982 309 1055 357 Prae-

144 372 224 430 fecto,
242 370 406 431 Rescriptum
425 383 504 417 sacrae
518 369 599 431 ipsius
614 369 827 435 Congregationis
841 377 927 420 ratum
940 370 1054 427 habenS,

145 433 259 496 benigne
273 431 416 481 concedere
428 431 533 495 dignata
547 437 599 492 est,
613 438 640 481 ut
657 435 688 482 ab
703 434 826 482 universo
843 433 919 482 Clero
936 434 1056 482 saeculari

145 496 286 544 dioeceseos
301 493 388 542 Sancti
402 493 500 542 Claudii
515 499 539 542 et
555 508 570 542 a
589 494 725 558 Religiosis
745 510 775 544 ac
794 496 950 544 Monialibus
965 495 1057 544 Calen-

145 557 217 606 dario
238 557 389 605 Dioecesano
409 556 553 616 utentihuS,
574 557 601 604 in
621 557 699 605 Horis
718 557 855 607 Canonicis
876 558 1056 620 persolvendis

144 627 221 682 atque
232 619 260 667 in
275 618 352 668 Sacro
367 618 528 682 peragendo,
545 619 614 667 idern
634 619 817 669 Calendarium
833 626 859 669 et
874 621 1014 681 Proprium
1030 620 1056 668 iu

145 689 279 745 posterum
293 681 411 730 adhiberi
426 681 521 743 valeat;
537 680 622 730 addita
636 687 724 731 tamen
739 684 900 743 conditione,
914 689 955 743 ut,
970 682 1056 731 statim

145 750 222 807 atque
241 759 270 792 ea
289 743 355 807 typis
370 758 432 792 cusa
446 743 555 800 luerint,
572 744 668 807 duplex
680 746 814 808 exemplar
833 746 865 794 ad
883 745 989 794 Sacram
1010 744 1056 794 lli-

145 813 219 854 tuum
227 805 460 869 congregationem
468 805 665 855 transmittatur.
678 806 818 857 Contrariis
828 822 880 856 non
891 807 1056 856 obstantibus

145 869 364 932 quibuscumque.

224 980 270 1029 Die
284 979 371 1030 ttulii
385 978 456 1029 1896.

313 1130 331 1190 †
348 1114 404 1164 Cia.
420 1113 494 1163 Card.
511 1115 746 1166 morsi-Missua
762 1116 788 1163 S
803 1116 833 1163 n.
848 1112 875 1162 C.
891 1111 1007 1160 Praeleor.

193 1227 276 1275 Locus
295 1225 409 1301 gsigilli.

504 1313 628 1362 Atorsrus
642 1312 753 1362 anrspr
768 1306 793 1355 S.
808 1307 838 1354 R.
853 1304 879 1352 C.
892 1304 987 1353 Secrot.

177 1543 339 1606 Quapropter
357 1543 389 1593 de
409 1543 603 1594 Venerabilium
625 1544 737 1593 fratrum
764 1548 914 1592 nostrorum
939 1543 1059 1593 Ecclesiae

146 1615 248 1663 Nostrae
273 1614 432 1664 Cathedralis
457 1614 649 1665 Canonicorum
675 1614 798 1676 consilio,
824 1615 948 1678 praesenti
969 1621 1059 1664 nostro

147 1685 268 1734 mandato
282 1686 405 1735 omnibus
416 1692 442 1735 et
456 1686 567 1750 singulis
579 1685 611 1735 de
630 1685 707 1735 Clero
724 1691 814 1735 nostro
825 1685 871 1749 qui
886 1686 919 1734 ad
934 1685 1057 1736 Officium

114 1796 115 1799 ,
146 1756 264 1805 divinum
278 1762 408 1819 tenentur,
424 1757 579 1807 mandamus
591 1771 622 1807 ac
637 1757 803 1821 praecipimus
818 1758 888 1806 utin
909 1757 1057 1806 divinarum

146 1828 263 1877 Laudum
276 1828 427 1878 recitatione
439 1829 631 1892 Missarumque
644 1828 818 1878 celebratione
834 1827 960 1878 Ordinem
971 1828 1058 1877 Sancti

147 1898 247 1948 Claudii
268 1900 404 1963 proprium
425 1900 570 1962 subjectum
594 1898 830 1963 Calendariumque
855 1904 1010 1963 perpetuum
1037 1900 1060 1947 ei

147 1970 277 2020 adnexum
291 1970 451 2020 adamussim
464 1976 556 2020 curent
567 1971 715 2021 observare.

114 2138 116 2140 ,
179 2090 271 2141 Datum
284 2091 372 2141 Sancti
383 2091 483 2140 Claudii
496 2091 547 2140 sub
561 2091 636 2156 signo
648 2091 787 2154 sigilloque
806 2090 904 2140 nostris
924 2105 955 2139 ac
970 2091 1059 2141 Secre-
1087 2097 1089 2100 ⁴

115 2206 116 2209 ,
145 2163 205 2210 tarii
226 2163 394 2226 Episcopatus
422 2162 505 2211 nostri
531 2162 740 2225 subscriptione,
759 2177 827 2212 anno
853 2161 957 2210 Domini
983 2161 1057 2221 1896,

146 2233 189 2281 die
205 2248 263 2282 vero
273 2235 356 2297 prima
370 2233 469 2282 mensis
479 2233 649 2296 Septembris.

364 2424 382 2484 †
405 2419 518 2470 CAESAR
533 2420 556 2469 J.
575 2418 725 2464 liiuscorus
742 2413 837 2460 Sasuri
857 2410 976 2458 Cili-trun.
