2416 4162
356 233 372 289 1
396 247 485 291 surr.
499 264 539 275 -
554 248 581 289 s.
605 246 732 289 sunum
753 246 851 289 unnr.
1058 231 1094 287 17

102 344 292 405 secundum
304 346 344 403 ab
357 346 436 403 urbe
446 345 587 419 lapidem
621 343 741 402 sa'eculo
763 343 898 418 septimo
917 342 1035 401 floruit.
1060 345 1095 400 ln

102 429 162 486 via
199 424 339 485 Ostiensi
374 423 516 496 ducitur,
553 429 587 482 ut
622 423 774 482 Hibernia
802 428 909 495 natus,
938 424 995 482 sed
1020 439 1095 480 suos

105 506 219 566 securi
240 504 399 565 feriretur.
426 506 484 565 Cui
504 507 588 563 inter
621 503 775 580 suamque
791 505 927 580 patriam
944 502 1096 561 deserens

104 589 197 646 viam
210 586 337 645 obldtus
353 586 482 661 quidam
498 586 587 644 Chri·
621 589 655 642 ut
666 586 727 642 soli
741 586 808 643 Deo
821 585 964 656 vacaret,
976 585 1009 642 in
1021 585 1095 642 loco

106 669 251 739 suanus,
265 684 338 726 cum
348 666 486 725 Felicem
496 665 588 740 agno·
621 684 640 723 a
654 670 765 723 saneto
784 664 923 736 Fardne‚
941 664 1095 739 episcopo

108 766 222 819 scens,
239 749 280 805 ad
302 745 490 821 martirium
512 747 587 805 duci
622 745 790 817 Melde'usi,
822 746 882 803 sibi
916 744 1092 818 assignatio,

108 829 238 889 videret
250 850 256 886 :
269 830 334 902 Ego
347 844 487 903 quoque,
502 828 588 885 clara
622 828 718 885 vitam
739 844 851 900 puram
874 827 946 899 egit.
974 827 1093 882 Sancti-

108 926 194 969 voce
226 909 348 984 inquit,
380 907 492 966 eddam
525 924 588 983 qua
621 907 684 965 tate
710 906 935 981 miraculisque
963 904 1095 963 illustris

109 991 189 1062 iste,
212 989 281 1064 lege
304 989 395 1061 vivo;
420 1003 478 1062 ego
502 986 587 1046 edm·
623 986 820 1045 obdormivit
853 987 886 1045 in
921 985 1059 1043 Domino
1086 1007 1091 1043 :

111 1071 188 1128 dem
202 1071 310 1127 lesum
325 1070 485 1127 Christum
501 1069 585 1127 colo,
622 1070 713 1141 cujus
735 1067 888 1126 memdria
906 1067 1001 1140 longe
1017 1064 1094 1123 late-

111 1152 224 1226 Itaque
256 1149 394 1208 Felicem
427 1149 588 1207 osculatus
622 1164 684 1224 que
699 1149 732 1205 in
748 1148 864 1206 Gallias
879 1145 994 1204 ditldsa
1008 1152 1065 1204 est.

112 1248 189 1290 cum
209 1246 248 1288 eo
270 1228 375 1288 securi
397 1228 585 1305 permititur,
661 1229 711 1285 Ad
724 1229 821 1285 Laud.
836 1229 908 1285 Ant.
928 1228 1030 1284 Vestri
1045 1243 1093 1284 ca·

111 1310 209 1369 tertio
248 1309 408 1368 Kalendas
449 1308 587 1384 Septem·
622 1308 691 1383 pllli
714 1309 828 1383 cipitis
852 1324 964 1366 omnes
987 1324 1095 1365 uume-

112 1392 183 1450 bris
211 1410 218 1448 :
249 1392 341 1464 cujus
368 1394 485 1448 nomeu
514 1406 588 1448 cum
622 1390 682 1447 rdti
707 1393 805 1446 sunt:
831 1388 928 1448 nolite
954 1386 1092 1447 timere:

112 1470 257 1546 ignotum
277 1475 361 1529 esset
382 1470 585 1541 Christianis,
622 1471 729 1528 multis
743 1468 927 1545 passeribus
946 1467 1095 1527 meliores

112 1553 142 1610 is
166 1551 301 1609 Adducti
325 1550 453 1609 ndmine
473 1551 587 1608 nobili·
623 1551 697 1608 estis
713 1568 782 1608 vos.

112 1634 197 1690 latus
212 1638 274 1703 est,
285 1632 372 1707 quod
385 1636 496 1690 sancto
507 1631 588 1688 mar·
663 1632 696 1697 ἵ.
714 1631 923 1689 Exsultabunt
942 1632 1042 1688 sancti
1062 1633 1095 1689 in

112 1714 177 1787 tyri
197 1712 296 1770 Felici
314 1713 469 1770 adauctus
488 1713 528 1769 sit
547 1712 587 1768 ad
623 1710 733 1785 gldria.
766 1712 799 1780 ll.
830 1710 1035 1768 Laetabiintur
1062 1713 1095 1769 iu

113 1792 279 1852 coronam.
297 1791 419 1851 Eodem
439 1793 491 1850 die
508 1790 587 1850 cdli·
624 1791 784 1849 cubilibus
798 1792 873 1849 suis.

111 1878 166 1933 tur
190 1878 318 1932 sanctus
346 1873 507 1944 Fidcrius,
534 1873 589 1947 qul
663 1872 747 1929 Orat.
765 1871 969 1944 Maiestdtem.
990 1888 1094 1946 supro.

374 2116 516 2174 FESTA
543 2113 845 2173 SEPTEMBRIS

315 2271 395 2321 DlEl
664 2274 716 2330 Fit
725 2273 1096 2347 Commem.S.Ruymun-

172 2355 334 2414 SANCTl
359 2355 539 2413 JULlllNl
625 2355 658 2411 di
678 2354 823 2412 Nonnoti.
851 2354 923 2412 Ant.
952 2355 1012 2412 Hic
1034 2355 1094 2413 vir.

261 2450 453 2492 urnnrrrus
625 2435 659 2500 i'.
676 2435 810 2492 lustum.

287 2516 418 2588 Duplex.
666 2516 782 2571 Deinde
798 2515 1097 2588 Commem.S.AEpi-

139 2597 228 2667 (Dies
243 2597 309 2669 fixa
326 2612 341 2653 e
360 2597 399 2653 28
416 2596 570 2668 Augusti.)
626 2597 671 2652 dii
695 2595 805 2652 Abone.
833 2597 906 2653 Ant.
933 2597 1096 2654 Simildbo.

159 2677 270 2733 Omnia
279 2677 317 2733 de
330 2677 490 2733 Communi
505 2679 592 2734 nnius
627 2694 642 2733 e
656 2677 674 2732 Ι
679 2722 683 2731 .
701 2677 797 2749 Vesp„
814 2677 848 2743 3⁷.
861 2675 994 2734 Amavit.
1011 2677 1095 2734 Oroi.

117 2759 222 2827 Mart,
237 2760 351 2829 praeter
364 2774 425 2831 seq.
626 2755 826 2815 Intercessio.
850 2759 880 2813 in
899 2758 1052 2819 Breuinr..·
1070 2762 1099 2815 et

159 2838 278 2907 Pridie,
299 2838 383 2911 Vesp.
402 2856 420 2893 n
440 2840 537 2911 Cupit.
556 2839 593 2896 de
628 2839 749 2894 tandem
769 2838 820 2895 SS.
841 2838 1007 2895 Duodecim
1021 2839 1098 2894 Fro-

118 2919 150 2976 S.
164 2919 301 2975 Juliuno.
628 2922 709 2975 trum
723 2918 826 2989 Mart,
844 2922 876 2975 nt
891 2919 921 2974 in
934 2919 1072 2975 Brenior.

299 3014 416 3056 ORATIO
740 3015 771 3063 lN
788 3015 807 3063 l.
826 3014 993 3063 NOCTURNO

121 3094 252 3216 DEUS,
275 3080 376 3153 quiin
393 3079 491 3137 corde
511 3078 595 3135 beati
667 3081 747 3136 Lecl.
766 3081 802 3136 de
816 3081 925 3152 Seripl.
944 3097 1045 3137 occur.

196 3160 343 3233 Mdrtyris
357 3161 474 3217 duliam
489 3161 593 3232 ignem
733 3175 764 3224 ΙΝ
783 3176 812 3225 ll.
830 3175 998 3224 NOCTURNO

122 3241 223 3297 sancti
244 3241 288 3298 tui
309 3240 427 3298 amdris
449 3240 595 3298 accendi·
783 3257 895 3298 uacuo
911 3258 943 3298 1v

123 3323 177 3392 sti,
204 3325 239 3378 ut
258 3322 499 3396 persecutdrum
524 3338 595 3395 sup·
629 3323 674 3379 Ex
696 3326 806 3378 sancto
826 3321 977 3393 Grcgdrio
1002 3324 1101 3379 Turo-

123 3401 234 3476 plicia,
257 3408 287 3460 te
306 3401 469 3469 vincinte,
489 3402 595 3476 dcspi-
670 3400 776 3467 ninsi,
794 3402 833 3458 dc
854 3401 1016 3459 mirdculis
1031 3420 1103 3459 san-

123 3488 234 3540 ceret:
258 3484 428 3555 danobis,
451 3488 483 3540 ut
506 3485 597 3555 cujus
671 3484 713 3540 cti
728 3482 855 3538 Julidni.

124 3563 265 3620 natalitia
280 3563 429 3635 eclimus,
447 3567 598 3623 interces-
699 3562 763 3620 Lib.
781 3564 810 3619 2.
828 3580 894 3635 rap.
916 3565 941 3619 l.
960 3569 987 3620 et
1003 3565 1031 3620 2.

125 3643 215 3702 sidne
238 3646 306 3717 ejus
329 3646 361 3700 in
385 3648 430 3703 tui
460 3645 598 3702 miminis
661 3660 803 3701 sciurus
823 3648 943 3715 martyr
960 3645 1103 3702 Julianus

125 3723 233 3782 amdre
248 3724 448 3784 roboremur.
464 3732 524 3788 Per
538 3724 598 3782 Dd-
633 3776 636 3780 .
682 3726 752 3799 qui,
770 3723 940 3781 Viennensi
960 3730 1048 3783 ortus
1070 3727 1100 3782 in

125 3807 257 3863 minum.
632 3807 727 3869 urbe,
758 3803 907 3863 Arvernis
938 3806 1029 3864 datus
1055 3812 1104 3863 est
