2416 4162
460 663 727 736 TUTELEN.

546 864 643 876 u—

101 1066 160 1164 Dr
174 1053 292 1104 Romana
307 1052 422 1118 Liturgia
438 1051 466 1103 in
480 1066 555 1103 suam
569 1052 708 1104 Dioecesim
722 1053 868 1104 revocanda
883 1053 1001 1118 apprime
1015 1054 1081 1104 solli·

162 1125 228 1174 citus
242 1123 485 1174 Reverendissimus
499 1123 627 1174 Dominus
640 1125 761 1175 Jonuuus
774 1125 906 1175 Birrrsm
922 1125 1084 1176 Lrouluuus

101 1195 279 1247 BERTEAUD
290 1195 433 1260 Episcopus
446 1195 606 1258 Tutelensis,
618 1194 658 1245 sui
669 1195 786 1246 muneris
796 1210 852 1246 esse
863 1195 935 1246 duxit
945 1196 1085 1260 Proprium

102 1267 259 1318 Olflciorum
273 1267 301 1316 in
315 1282 394 1317 usum
408 1266 477 1316 Cleri
492 1267 613 1317 Dioecesis
628 1268 709 1331 ipsius
724 1267 867 1330 conficere,
883 1268 978 1332 inquo
996 1269 1084 1333 pristi-

102 1353 167 1389 nam
187 1338 359 1389 honorificam
378 1339 467 1389 sedem
487 1343 626 1402 pergerent
644 1338 756 1389 retinere
776 1339 877 1390 Caelites
896 1339 948 1402 illi,
965 1341 1084 1404 quicum

102 1425 148 1461 eas
167 1410 289 1475 regiones
311 1411 436 1461 virtutum
456 1410 596 1475 splendore
617 1410 804 1473 illustrassent,
825 1427 838 1462 a
857 1411 963 1461 vetustis
982 1413 1085 1462 saeculis

102 1481 232 1547 singulari
253 1483 325 1532 cultu
346 1482 445 1532 ibidem
464 1482 588 1532 honorari
608 1489 811 1544 consueverunt,
832 1498 846 1533 e
864 1483 979 1547 probatis
1001 1483 1085 1548 legiti-

101 1555 207 1617 misque
228 1553 343 1603 lontibus
367 1553 511 1618 desumptis
534 1553 701 1604 Lectionibus
724 1559 750 1603 et
773 1553 939 1604 Orationibus
961 1555 1081 1618 propriis.

102 1626 206 1677 Gnarus
225 1639 287 1675 vero
305 1625 449 1690 Episcopus
468 1631 555 1675 orator
573 1639 697 1689 supremo
717 1625 816 1675 Sanctae
838 1625 912 1676 Sedis
931 1626 1084 1690 Apostolicce

99 1697 199 1760 judicio
213 1697 339 1747 reservari
353 1697 480 1761 quidquid
493 1711 598 1747 sacram
611 1696 716 1761 respicit
728 1697 871 1761 liturgiam,
886 1698 1018 1761 exemplar
1030 1712 1089 1754 ma-·‚

102 1768 268 1833 nuscriptum
277 1768 353 1832 hujus
362 1768 464 1833 Proprii
472 1782 531 1818 cum
539 1782 587 1818 suo
595 1768 781 1832 supplemento
789 1768 907 1819 exhibuit
914 1767 1084 1820 Sanctissimo

102 1841 214 1891 Domino
235 1846 324 1890 nostro
347 1840 393 1889 Pio
416 1841 485 1904 Papa
506 1840 549 1890 lll.
572 1840 735 1904 supplicibus
756 1840 851 1889 additis
874 1840 951 1902 votis,
973 1841 1084 1891 utillud

103 1926 225 1976 suprema
240 1911 390 1961 auctoritate
404 1925 451 1960 sua
470 1911 627 1975 approbare,
645 1910 773 1975 Cleroque
792 1911 925 1961 Tutelensi
940 1912 1084 1963 concedere

102 1983 262 2047 dignaretur.
288 1983 402 2033 Examen
426 1983 534 2033 exhibiti
557 1983 660 2046 Proprii
682 1987 708 2032 et
726 1982 805 2046 hujus
824 1983 1003 2046 Supplementi
1023 1998 1083 2033 cum

103 2055 230 2105 Sanctitas
246 2055 298 2105 Sua
317 2055 478 2105 commiserit
499 2055 640 2105 Sacrorum
660 2055 768 2104 Rituum
788 2054 1006 2119 Congregationi,
1027 2056 1084 2105 hoec

103 2127 208 2191 probari
221 2140 296 2190 posse
311 2127 412 2176 censuit
424 2127 473 2176 sub
485 2127 562 2184 modo
575 2132 600 2176 et
614 2127 698 2176 forma
710 2127 738 2175 in
749 2127 840 2176 codem
850 2127 992 2189 exemplari
1004 2127 1084 2176 adno-

101 2199 170 2247 tatis.
187 2198 271 2257 Quam
286 2197 370 2247 Sacrae
385 2197 598 2263 Congregationis
611 2197 780 2258 sententiam,
795 2197 924 2247 referente
936 2198 1083 2261 subscripto

104 2270 263 2331 secretario,
284 2284 345 2319 cum
367 2268 553 2318 Sanctissimus
574 2269 645 2319 idem
667 2269 795 2318 Dominus
816 2275 899 2318 ratam
918 2269 1038 2318 hahuerit
1059 2276 1084 2318 et

103 2341 310 2399 confirmaverit,
327 2341 475 2404 Apostolica
495 2341 654 2406 benignitate
672 2340 793 2401 indulsit,
813 2347 841 2389 ut
855 2341 926 2390 idem
944 2341 1083 2404 Proprium

102 2412 256 2464 Officiorum
268 2413 317 2463 sub
329 2413 406 2462 modo
416 2418 441 2461 et
450 2413 534 2462 forma
544 2412 674 2475 praedictis
684 2412 720 2461 uti
732 2427 809 2475 supra
820 2412 971 2461 adnotatum
983 2427 998 2461 a
1009 2412 1083 2461 Clero
1148 2455 1154 2463 ,

101 2485 233 2534 Tutelensi
244 2490 367 2548 perpetuo
377 2490 496 2534 servetur
505 2485 532 2533 in
544 2484 619 2533 lloris
627 2483 760 2534 canonicis
769 2483 954 2546 persolvendis,
965 2483 1083 2546 injuncto

101 2571 181 2606 onere
202 2557 329 2619 Episcopo
348 2557 457 2616 oratori,
478 2561 519 2614 ut,
539 2563 676 2620 postquam
698 2556 768 2604 idem
790 2555 928 2619 Proprium
953 2570 1013 2605 cum
1034 2571 1081 2605 suo

101 2629 257 2679 Kalendario
277 2629 405 2691 Perpetuo
426 2629 456 2692 (¹)
473 2628 551 2677 fuerit
569 2628 636 2692 typis
655 2627 839 2689 commissum,
859 2627 955 2691 duplex
974 2627 1082 2677 authen·

100 2701 183 2750 ticum
195 2701 326 2763 exemplar
338 2699 408 2750 illico
422 2700 454 2749 ad
467 2715 569 2749 sacram
583 2701 690 2750 Rituum
703 2700 937 2764 Congregationem
950 2700 1082 2749 transmit-

101 2779 178 2822 tatur.
197 2772 340 2822 Contrariis
355 2787 408 2822 non
422 2773 584 2822 obstantibus
598 2772 816 2836 quibuscumque.

132 2888 180 2937 Die
194 2888 225 2939 lo
239 2888 299 2938 Julii
314 2886 383 2937 1563.

267 3047 294 3096 C.
313 3048 459 3110 Episcopus
475 3049 602 3099 Portuen.
619 3055 644 3097 et
659 3049 686 3098 S.
705 3049 807 3112 thfiruc
823 3049 904 3099 Cnun.
921 3049 1048 3099 PATlllZl

598 3120 625 3170 S.
643 3121 673 3169 R.
692 3121 719 3170 C.
736 3121 890 3184 Prn‘sertus.

433 3306 461 3353 lt.
482 3307 626 3356 Rinromnr
643 3307 669 3355 S.
689 3307 717 3355 ll.
736 3311 763 3356 (ἰ.
780 3307 952 3357 Suartorius.

128 3715 155 3817 ξ’)
175 3715 336 3757 Kolendorium
353 3715 492 3769 Perpetuum
508 3716 599 3770 speciali
621 3717 739 3771 probatum
761 3721 795 3760 ost
813 3717 903 3760 decreto
925 3718 989 3771 cujus
1010 3718 1078 3761 tinem

101 3789 125 3819 rc
133 3780 186 3819 'cure
198 3780 269 3832 juvat.

1046 3962 1108 4015 '³55
