2416 4162
215 98 252 157 15
272 112 368 159 sunu.
387 131 425 142 —
438 112 568 157 sununs
589 113 751 159 suemus
771 114 886 159 consur
908 115 995 158 vme.
1059 101 1096 157 55

88 210 180 269 ,οἱα
204 212 368 285 Germana,
400 229 440 271 ex
474 213 590 270 Comm.
627 214 731 272 solum
756 211 983 288 patientissime
1011 214 1095 282 tulit,

97 286 208 367 ΙῪίνρ.
227 308 289 351 ηοη
304 293 409 366 Mart,
425 294 590 351 Commem.
627 295 684 352 sed
699 292 822 367 majera
835 294 900 367 pati
920 292 1095 367 exoptlvit‚

107 373 251 437 precer.
279 377 310 431 et
337 373 390 432 SS.
423 373 491 446 Viti,
521 377 591 446 ele,
626 379 661 432 ut
675 372 953 432 confermisfieret
967 373 1098 447 imlgini

118 442 226 526 Muri,
241 454 318 511 utin
329 454 419 512 Breu.
626 454 698 512 Filii
717 455 790 525 Dei,
808 470 902 528 quem
922 452 1016 511 inice
1030 459 1096 512 toto

300 549 418 593 onnmo
627 535 736 593 cordis
751 533 864 592 affectu
880 533 1000 592 dile'xit.

123 618 252 747 Duos,
269 615 439 673 humilium
468 613 593 673 celsitti·
667 616 701 685 ll.
718 616 853 690 Propter
868 616 1045 672 veritltem.

68 720 77 745 a
194 696 312 771 degui
325 695 451 754 beltam
466 695 593 754 Germi-
782 710 894 753 enemo
916 711 936 752 v

68 750 100 821 [r.-
124 774 199 833 ¹ltin
217 775 377 850 Virginem
403 780 489 834 tuam
513 776 593 834 eari-
672 792 724 834 rvn
744 777 828 834 enim
847 790 973 849 gregem
989 776 1029 833 ad
1043 775 1097 849 pl-

123 842 198 913 Μία
223 861 253 915 et
284 855 446 931 patientiae
473 856 591 915 decere
631 792 668 916 S
684 873 776 928 seua,
794 857 862 915 sive
881 856 914 913 in
932 857 1018 913 arvis
1037 855 1096 912 stl-

125 934 278 995 uetuere
290 936 419 995 voluisti
432 957 438 995 :
453 938 521 1009 eius
529 935 593 995 me·
626 938 713 995 mina
726 937 826 995 ecolo
838 934 979 1008 duceret,
991 940 1096 994 mente

123 1009 195 1073 ritis
212 1022 242 1076 et
263 1015 495 1075 intercessiene
517 1034 592 1075 eon·
627 1022 658 1075 et
673 1015 864 1090 cogitatiene
879 1018 912 1074 in
925 1018 1027 1074 Deum
1044 1017 1097 1074 de-

124 1090 218 1171 eldm
231 1102 266 1155 ut
277 1114 407 1156 erucem
419 1096 537 1171 jugiter
548 1098 592 1155 fe·
626 1098 701 1170 fixa,
713 1097 856 1156 assiduas
864 1096 1016 1155 fundebat
1026 1114 1097 1172 pre-

121 1172 244 1250 ?lntes,
264 1183 296 1237 te
315 1195 443 1253 semper
462 1177 594 1252 diligere
628 1195 692 1251 ces,
703 1176 853 1253 etprisitis
863 1179 953 1235 humi
963 1177 1097 1251 genibus

122 1256 296 1317 velumus.
313 1259 375 1317 Per
388 1258 570 1317 Deminum.
627 1263 699 1317 ante
714 1260 820 1316 erucis
834 1259 1097 1332 signum,arden·

232 1354 265 1405 1N
281 1355 300 1405 1.
318 1353 486 1405 uocrunuo
626 1338 740 1397 tissimi
752 1339 871 1397 ameris
883 1344 978 1397 aestus
990 1356 1097 1397 rerum

164 1418 242 1478 Leet.
262 1419 424 1493 descript.
442 1437 543 1476 occur.
628 1418 801 1478 caelestium
828 1417 1098 1494 contemplatiene

222 1516 256 1566 ΙΝ
272 1516 304 1566 11.
322 1515 492 1566 NOCTURNO
627 1500 834 1575 temperlbat.
853 1500 1002 1570 Quotidie
1019 1504 1096 1557 tem·

272 1596 386 1639 nucum
409 1597 441 1638 1v
627 1582 715 1655 plum
728 1580 833 1652 adire,
851 1579 1010 1638 sacrificio
1025 1581 1097 1637 Mis-

179 1660 333 1721 enulun
349 1661 466 1719 Cousin
483 1660 592 1718 Pibra-
628 1678 671 1719 sae
703 1660 871 1732 interesse,
901 1665 933 1718 et
966 1659 1098 1733 singulis

187 1742 234 1814 ei,
256 1742 345 1816 quod
369 1739 523 1815 uppidum
548 1744 595 1798 est
628 1740 741 1799 diebus
782 1741 870 1799 festis
905 1756 939 1797 se
981 1739 1098 1798 divinae

121 1820 290 1881 Toloslnae
305 1819 465 1893 dioecesis,
481 1819 595 1879 humili
627 1838 745 1880 mensae
767 1821 884 1895 pibulo
910 1819 1044 1878 reficere
1065 1821 1098 1877 in

120 1900 294 1974 locensis,
310 1902 351 1959 ab
366 1903 436 1976 ipsa
450 1918 532 1976 pene
547 1902 593 1958 in·
627 1899 1097 1974 morehlbuitDelparamVir-

119 1982 221 2041 sentia
254 1983 404 2057 grevibus
443 1980 594 2040 aerllmnis
627 1984 732 2057 ginem
764 1980 915 2054 singullri
944 1979 1097 2053 religinne

119 2063 181 2122 fuit
212 2061 361 2121 obndxia.
398 2064 486 2121 Cum*
508 2063 593 2119 enim
628 2061 737 2134 obluit,
752 2061 843 2135 elque
856 2060 1034 2135 frequentia
1047 2078 1098 2118 ex-

120 2160 238 2202 manca
248 2148 347 2214 esset,
362 2147 392 2201 et
403 2144 532 2201 strumis
544 2143 592 2200 in·
627 2143 731 2201 hibuit
754 2140 900 2215 obse'quii
922 2145 953 2198 et
973 2141 1099 2215 pietltis

118 2222 223 2297 fecta,
247 2224 352 2281 statim
374 2228 447 2298 post
472 2222 594 2281 libitum
628 2223 743 2281 officia.
757 2222 892 2280 Caritlte
901 2236 975 2294 erga
987 2239 1099 2280 omnes

119 2305 233 2363 metris
253 2305 287 2363 in
311 2303 420 2362 edium
446 2302 594 2361 novercae
627 2302 753 2375 affecta,
777 2301 895 2378 pueros
919 2307 949 2360 et
976 2301 1099 2377 puellas

119 2384 251 2457 incidit,
269 2383 402 2459 ejusque
424 2384 522 2458 ‹ipera
541 2401 594 2458 pa·
628 2385 810 2442 christilnae
838 2383 915 2442 lidei
939 2382 1098 2456 mysteriis

120 2464 213 2524 lerna
237 2466 336 2524 domo
360 2463 461 2536 ejecta
487 2469 517 2522 et
541 2482 593 2522 cu·
628 2465 768 2536 erudire,
785 2463 961 2539 eorumque
974 2465 1098 2521 linimos

121 2544 302 2605 stodiendis
327 2544 475 2619 gregibus
506 2544 594 2602 addi·
628 2548 668 2604 ad
689 2544 838 2604 virtutem
858 2550 888 2603 et
914 2549 1033 2603 rectam
1054 2546 1098 2603 vi-

122 2631 189 2700 cta,
206 2627 277 2685 solo
298 2642 381 2701 pane
399 2631 429 2684 et
448 2643 530 2700 aqua
549 2624 594 2683 vi·
629 2626 725 2686 vendi
740 2626 897 2684 ratilnem
912 2626 1096 2696 iniormlre,

123 2708 254 2779 utitatis,
277 2711 307 2764 et
335 2723 432 2781 super
456 2710 594 2763 stramen
629 2706 787 2780 egentium
798 2707 915 2781 indpiae
926 2705 1099 2764 subvenire

122 2792 177 2846 aut
191 2788 302 2845 lridos
316 2787 463 2862 pllmites
477 2788 510 2844 in
526 2788 594 2861 ipsa
630 2786 811 2859 consuevit,
839 2788 982 2846 detructo
1004 2784 1099 2843 etiam

122 2866 285 2943 pecudum
320 2868 411 2926 ceula
447 2885 594 2925 somnum
629 2870 690 2926 sibi
727 2868 819 2943 panis
851 2866 1004 2938 frustum,
1034 2883 1098 2940 quo

123 2965 277 3024 carpens,
298 2949 395 3007 vitam
418 2949 451 3005 in
473 2965 595 3005 summa
629 2948 722 3007 unice
746 2949 945 3007 vescebltur.
970 2948 1099 3004 Castitl-

124 3030 262 3103 egestlte
273 3027 443 3103 rerumque
453 3028 595 3086 bmnium
629 3031 669 3087 tis
684 3047 761 3088 vero
781 3035 812 3086 et
826 3027 1019 3086 innocentiae
1033 3027 1098 3085 llu-

123 3110 232 3185 inllpia
266 3110 424 3168 tolerlvit.
460 3111 535 3167 Haee
565 3115 596 3167 et
630 3112 702 3168 dem
721 3115 840 3167 tantam
855 3106 1047 3183 promeruit,
1065 3113 1099 3165 ut

125 3192 202 3263 ulia,
221 3191 337 3265 quibus
360 3190 503 3264 quotidie
524 3208 596 3264 pre·
629 3192 670 3249 ad
686 3196 819 3248 mortem
832 3207 932 3264 usque
945 3189 1099 3247 illibitam

124 3272 282 3342 mebltur,
299 3271 437 3344 frigoris,
455 3277 550 3329 aestus
566 3276 596 3330 et
630 3272 815 3330 serviverit.

124 3352 276 3410 imbrium
289 3350 505 3425 incummoda‚
517 3354 593 3427 quin
669 3353 703 3423 ll.
721 3350 875 3410 Dilexisti.

124 3431 219 3492 etiam
246 3431 494 3492 domesticerum
520 3451 594 3491 eon·
780 3447 892 3490 necue
914 3448 946 3489 vl

123 3513 208 3572 sicia
221 3518 253 3571 et
266 3512 506 3586 insectatinnes,
521 3514 595 3571 forti
686 3530 748 3572 nuc
767 3514 892 3571 flmulae
908 3529 973 3570 suae
990 3509 1098 3570 occul-

123 3611 253 3669 semper
276 3595 398 3666 inimo,
423 3599 453 3652 et
477 3613 533 3653 ore
554 3595 595 3652 ad
700 3600 764 3652 tam
782 3594 980 3652 sanclilulem
996 3595 1096 3664 Deus,

123 3675 316 3734 hilaritrltem
328 3674 517 3750 compesitm
531 3693 595 3736 non
629 3675 722 3734 editis
738 3693 755 3734 e
776 3677 855 3735 caelo
873 3676 985 3750 signis,
1005 3675 1097 3732 mira-
