2422 4162
355 160 516 201 Pt'nissltss
538 160 654 202 conms
676 161 705 201 13.
730 160 763 200 M.
789 160 818 200 Υ.
1042 145 1076 200 17

96 285 174 326 vera
189 268 298 325 Dolet
319 265 459 324 hdminis
479 267 570 324 Geni·
606 283 671 322 non
690 270 796 339 potest
814 263 900 322 exire
921 265 981 322 nisi
997 265 1077 340 dpti·

96 348 178 406 irice
195 348 370 422 quidquam
390 346 569 418 mddicum,
606 364 693 403 mum
721 347 847 415 vinum,
872 351 925 403 aut
954 347 1035 403 sicut
1061 365 1078 404 a

96 432 166 487 sive
177 429 309 501 grande,
321 425 491 501 praest'unat
504 428 571 500 pol·
605 427 735 484 fornace
749 426 864 482 summi
877 425 1003 484 ardoris
1014 443 1078 484 non

95 507 572 581 lutisltbiisnomindre,quam
606 506 768 580 egreditur
797 507 858 563 nisi
893 505 1079 564 incendium

95 591 192 647 Pater
226 593 299 645 ante
335 587 451 645 sa'ecula
488 589 572 645 Deus
606 588 748 659 lervens;
767 587 813 643 sic
830 587 870 643 de
891 588 994 644 Corde
1013 589 1078 645 Ma·

96 667 285 744 perpdtuam
293 668 531 742 praedestinavit
539 669 571 725 in
606 669 663 724 tris
675 668 791 725 Christi
804 666 890 724 exire
901 684 964 724 non
976 667 1079 741 potuit

95 750 258 823 Virginem
274 747 508 821 dignissimam:
524 747 571 805 Fi·
606 749 756 818 verbum,
779 748 840 804 nisi
859 749 974 804 summi
996 766 1078 805 sum-

96 831 161 888 lius
176 828 270 902 eldgit
284 830 318 886 in
333 833 464 885 matrem
483 849 489 885 :
506 827 572 902 Spi·
606 827 721 902 mdque
737 827 838 885 divini
852 826 970 884 amoris
985 832 1079 902 atque

96 911 179 969 ritus
201 913 329 967 sanctus
347 909 451 965 omnis
466 908 573 981 gratiae
607 907 743 965 ardoris.
761 909 886 982 Septem
900 909 998 964 verba
1013 913 1079 965 tan-

98 989 299 1049 domicilium
356 989 573 1063 praepardvit‘?
607 993 673 1046 tum
689 990 778 1045 mirae
793 987 957 1045 sente'ntiae
972 993 1002 1045 et
1017 990 1079 1045 vir-

98 1071 223 1141 Quibus
238 1070 345 1127 verbis
364 1084 422 1142 ego
440 1067 573 1127 homirn-
607 1067 682 1125 tritis
706 1087 723 1125 a
746 1069 862 1125 Christi
888 1068 1079 1126 benedictis-

99 1151 192 1209 culus
205 1165 318 1207 sensus
328 1149 499 1206 altissimos
511 1151 573 1207 rir-
608 1151 688 1206 sima
702 1151 800 1206 Matre
819 1147 966 1222 leguntur
981 1150 1077 1207 dicta.

99 1230 185 1306 ginei
213 1230 346 1301 cordis,
374 1229 574 1286 sanctissimo
609 1231 687 1286 Cum
699 1230 817 1302 Angclo
836 1230 886 1285 his
900 1233 1021 1286 tantum
1034 1231 1079 1287 lo-

99 1328 156 1370 ore
170 1311 330 1385 prolatos,
345 1308 489 1381 efferam,
506 1311 574 1384 qui·
609 1308 681 1366 cirta
694 1315 750 1366 est.
765 1311 843 1367 Cum
857 1308 1018 1367 Elisabeth
1030 1311 1081 1367 bis

99 1393 160 1449 bus
183 1408 248 1449 non
273 1389 389 1448 suflicit
412 1390 519 1463 lingua
540 1390 573 1447 ὁ·
609 1388 713 1447 e'tiarn
730 1392 808 1447 Cum
819 1390 899 1447 Filio
910 1389 1004 1447 eliam
1017 1391 1077 1447 bis.

100 1473 224 1529 mnium
244 1470 409 1527 hdminum
429 1476 459 1528 et
480 1469 575 1528 etiam
609 1472 687 1528 Cum
719 1469 871 1527 ministris
900 1471 931 1527 in
961 1469 1080 1543 nuptiis

100 1550 478 1625 Angelorumideinus
490 1552 574 1608 enirn
609 1551 716 1608 semel.
735 1552 811 1608 Haec
829 1555 950 1624 septem
965 1552 1079 1622 rerba,

100 1633 145 1689 ait
160 1653 166 1688 :
184 1633 292 1688 Bonus
310 1633 408 1689 homo
429 1631 574 1688 debono
609 1629 786 1689 secrindum
816 1636 936 1704 septem
962 1630 1081 1688 amoris

101 1712 255 1770 thesduro
271 1711 379 1769 cordis
392 1712 440 1768 sui
455 1713 576 1785 profert
609 1716 714 1781 aetus,
738 1711 797 1767 sub
822 1713 904 1767 miro
926 1712 1026 1783 gradu
1051 1716 1081 1768 et

101 1794 197 1850 bona.
215 1792 292 1861 Quis
305 1791 409 1848 dotem
423 1792 505 1849 inter
519 1808 575 1865 pu·
609 1791 722 1848 drdine
741 1790 880 1863 prolatio,
899 1792 989 1864 quasi
1009 1796 1081 1848 sunt

100 1890 155 1930 ros
177 1871 325 1929 hdmines
344 1870 459 1929 melior
477 1873 575 1929 homo
610 1871 1078 1945 septemllammaeCordiseJus.

101 1952 573 2026 potestexcogitdri,quamilla,
650 1953 683 2020 ii.
715 1953 780 2024 Ego
810 1955 911 2008 mater
938 1952 1081 2023 pulchrae

103 2049 176 2106 quac
186 2031 573 2103 mdruite'tfreiMaterDei‚
611 2030 807 2102 dilectionis,
833 2036 864 2088 et
886 2030 1026 2102 timoris,
1051 2036 1081 2089 et

102 2130 174 2186 quae
197 2114 232 2170 in
253 2113 357 2170 Corde
379 2113 464 2169 etin
485 2110 575 2170 litero
610 2111 795 2185 agnitidnis‚
810 2115 840 2168 et
855 2115 972 2168 sanctae
989 2114 1078 2185 spei:

103 2211 163 2250 suo
177 2194 283 2266 ipsum
303 2193 403 2250 Deum
418 2194 576 2266 hospitata
609 2195 642 2250 in
662 2209 713 2249 me
732 2193 831 2265 grdtia
848 2193 952 2249 omnis
971 2193 1032 2250 viae
1051 2198 1082 2249 et

104 2274 258 2342 estiQuis
270 2273 437 2330 thesaurus
449 2272 574 2344 melior,
610 2272 752 2332 veritatis
776 2293 781 2329 :
807 2270 820 2300 *
844 2275 878 2330 ln
903 2288 953 2329 me
978 2275 1082 2330 omnis

104 2371 200 2428 quam
224 2354 293 2427 ipse
317 2352 446 2410 divinus
468 2370 574 2424 amor,
611 2370 684 2427 spes
714 2354 787 2410 ritae
817 2357 848 2409 et
877 2351 1014 2410 virtdtis.
1047 2354 1079 2419 il.

104 2450 168 2508 quo
203 2434 266 2491 Cor
293 2432 429 2506 Virginis
460 2434 576 2491 ardens
611 2433 755 2490 Transite
768 2433 808 2490 ad
822 2450 1013 2504 me‚ornnes
1028 2435 1082 2507 qui

104 2517 191 2571 erati
612 2513 839 2587 concupiscitis
858 2529 924 2583 me,
946 2518 976 2571 et
995 2531 1012 2570 a
1032 2528 1082 2586 ge-

144 2594 177 2664 ri.
194 2595 261 2666 Ego
277 2592 445 2667 diligentes
459 2611 510 2650 me
530 2593 576 2651 di·
612 2593 830 2651 neratidnibus
862 2595 941 2651 nrcis
973 2592 1082 2668 imple-

103 2675 184 2747 ligo,
206 2678 238 2731 et
258 2675 313 2746 qui
334 2691 427 2731 mane
448 2674 579 2748 vigilant
612 2674 700 2731 mini.
718 2676 753 2731 ln
768 2690 830 2730 ine.

104 2755 144 2811 ad
164 2771 216 2811 me
237 2753 402 2812 invenient
416 2771 471 2811 me
489 2775 495 2811 :
514 2771 578 2812 me·
765 2770 878 2811 nncno
900 2771 932 2811 vr

105 2852 178 2891 curn
194 2838 266 2890 sunt
282 2834 401 2892 divitiae
416 2839 446 2891 ei
460 2834 576 2907 gldria‚
671 2850 726 2891 urs
752 2835 850 2891 verba
876 2833 1084 2891 considerans

105 2912 226 2989 *Opes
252 2913 397 2988 supdrhae
431 2920 461 2971 et
488 2915 578 2988 justi·
614 2850 770 2992 Omens
783 2913 998 2985 dcvdta,cum
1014 2915 1084 2987 ipso

104 2997 158 3052 tia.
180 2996 215 3062 ll.
233 2995 273 3052 Ut
294 2996 392 3052 ditem
413 2994 579 3067 diligentes
612 2993 771 3068 Prophdta
787 2995 847 3051 ait:
862 2995 962 3064 Quam
978 2992 1084 3052 dulcia

105 3092 172 3146 me,
185 3079 215 3132 et
224 3075 390 3132 thesauros
405 3074 516 3132 eorum
531 3075 579 3133 re'·
613 3075 758 3132 faucibus
771 3076 865 3143 meis,
878 3074 912 3130 id
925 3080 972 3131 est
984 3074 1085 3132 omni-

105 3156 221 3229 pleam.
240 3156 324 3228 Opes
339 3153 495 3230 superbae.
614 3157 673 3212 bus
705 3153 927 3212 allectidnibus
959 3153 1085 3228 eloquia

267 3251 380 3293 uscrro
402 3253 422 3292 v
614 3239 682 3292 tua!
708 3237 808 3292 Porro
838 3234 975 3292 dulcedo
997 3237 1083 3306 haec,

107 3332 183 3451 DE
195 3317 259 3373 hoc
271 3314 368 3388 igitur
377 3316 481 3373 Corde
490 3317 580 3389 quasi
615 3332 710 3389 quam
727 3317 758 3372 in
782 3316 890 3371 verbis
905 3315 1006 3372 bedtae
1019 3315 1085 3373 Vir-

182 3395 313 3453 forndcc
336 3395 437 3453 divini
455 3394 581 3453 ardoris
615 3395 915 3469 ginisdevdtamens
925 3396 1030 3467 sentit,
1039 3401 1087 3453 est

106 3477 204 3548 Virgo
226 3475 318 3533 hezilo
337 3475 468 3549 protulit
482 3477 581 3534 verba
615 3475 1085 3550 ardorpircdevoiidrriS,quam

106 3556 208 3625 bona,
222 3556 255 3612 id
264 3561 311 3612 est
320 3557 419 3613 verba
429 3555 581 3613 ardentis·
614 3556 647 3612 in
668 3557 714 3612 eis
733 3556 837 3613 dnima
857 3557 1085 3629 experimenta-

107 3637 197 3693 simae
220 3637 369 3693 caritatis
391 3637 581 3694 sicutenim
614 3637 686 3693 liter
705 3637 829 3709 probat.
852 3637 1087 3709 DistinguAmus

108 3733 217 3775 avase
239 3716 359 3790 dptimo
375 3718 450 3775 vino
468 3717 579 3790 pleno,
615 3716 710 3789 igitur
723 3733 782 3790 per
797 3716 941 3773 drdinem
963 3719 1020 3772 lras
1039 3733 1085 3773 se·
