2416 4162
148 280 190 314 me
207 265 371 327 infrascripto
392 263 524 313 Cardinali
548 265 632 314 Sacra
650 264 742 313 'eidem
766 263 967 327 congregationi
987 264 1059 312 Prae-

147 329 225 388 fecto,
244 327 408 389 Rescriptum
427 341 506 375 sacrae
521 326 601 389 ipsius
616 326 830 438 Coniregationis
845 325 1058 383 1=atumhabenS‚

147 390 260 453 benigne
275 389 418 438 concedere
431 389 535 452 dignata
550 394 602 446 est,
615 395 644 438 ut
660 404 674 438 a
706 390 829 437 universo
848 387 923 437 Clero
940 389 1061 437 saeculari

147 453 288 501 dioeceseos
303 451 390 500 Sancti
404 451 502 500 Claudii
518 458 542 501 et
558 467 571 500 a
592 451 728 514 Religiosis
748 465 778 500 ac
797 451 954 500 Monialibus
969 450 1061 500 Calen-

147 515 219 564 dario
240 515 392 563 Dioecesano
411 513 556 573 utentibus,
576 515 604 562 in
624 514 701 562 Horis
721 513 859 562 Canonicis
880 513 1061 576 persolvendis

146 584 223 640 atque
235 577 262 625 in
277 576 355 626 Sacro
370 577 531 640 peragendo,
548 577 617 625 idem
636 576 821 625 Calendarium
837 581 862 624 et
878 576 1017 639 Proprium
1033 575 1061 624 in

147 645 281 702 posterum
295 639 413 688 adhiberi
429 639 523 701 valeat;
540 638 625 688 addita
639 644 727 687 tamen
742 639 903 698 conditione,
918 644 958 699 ut,
974 638 1060 688 statim

147 707 223 764 atque
242 717 272 750 ea
291 701 357 765 typis
372 716 434 750 cusa
448 700 558 756 luerint,
575 701 671 763 duplex
683 701 817 764 exemplar
837 702 869 750 ad
887 701 992 749 Sacram
1013 700 1060 750 Ri-

147 771 220 876 ῑυᾳὲη
228 763 461 827 Congregationem
469 763 667 812 transmittatur.
680 762 821 812 Contrariis
831 778 883 812 non
895 762 1061 812 obstantibus

146 841 191 888 qur
210 840 366 888 uscumque.

224 937 270 986 Die
284 936 298 986 7
310 937 372 986 Julii
386 935 457 986 1896.

315 1088 333 1150 †
349 1071 404 1121 Cia.
422 1071 495 1120 Card.
511 1071 747 1122 numm-Massam
765 1082 790 1128 5
805 1081 835 1129 lt.
850 1079 877 1128 C.
893 1079 1009 1127 Protesi.

195 1183 278 1231 Locus
298 1181 410 1259 psigilli,

506 1270 631 1318 Arcisius
644 1269 756 1318 TRIPEPI
770 1270 795 1320 S.
809 1272 839 1320 R.
855 1270 882 1319 C.
894 1270 989 1320 Secret.

179 1501 340 1563 Quapropter
358 1501 390 1550 de
411 1500 604 1550 Venerabilium
628 1500 739 1550 fratrum
766 1506 916 1549 nostrorum
940 1500 1060 1549 Ecclesiae

146 1572 249 1620 Nostrae
275 1571 433 1621 Cathedralis
459 1571 651 1622 Canonicorum
678 1573 800 1632 consilio,
827 1571 949 1634 praesenti
969 1577 1059 1620 nostro

147 1643 269 1691 mandato
284 1643 406 1692 omnibus
418 1649 442 1692 et
458 1643 568 1707 singulis
581 1644 613 1692 de
632 1642 709 1692 Clero
726 1648 815 1692 nostro
828 1641 872 1704 qui
887 1642 920 1690 ad
935 1641 1058 1691 Officium

147 1713 265 1762 divinum
280 1719 410 1776 tenentur,
427 1715 582 1764 mandamus
594 1729 624 1765 ac
640 1714 806 1777 praecipimus
821 1717 849 1761 ut
864 1713 891 1761 in
911 1713 1058 1762 divinarum

146 1786 263 1835 Laudum
276 1785 428 1835 recitatione
440 1786 631 1849 Missarumque
646 1785 819 1833 celebratione
836 1784 961 1833 Ordinem
972 1785 1059 1833 Sancti

147 1854 247 1904 Claudii
269 1857 405 1920 proprium
426 1857 571 1920 subjectum
596 1855 832 1917 Calendariumque
858 1862 1010 1919 perpetuum
1037 1857 1059 1903 ei

146 1927 277 1977 adnexum
292 1926 451 1978 adamussim
465 1933 557 1977 curent
569 1927 715 1977 observare.

178 2048 271 2098 Datum
283 2049 371 2099 Sancti
384 2048 483 2098 Claudii
499 2049 547 2097 sub
562 2047 636 2110 signo
648 2046 787 2109 sigilloque
807 2048 904 2096 nostris
923 2061 953 2095 ac
968 2045 1058 2096 Secre-

146 2120 205 2168 tarii
226 2121 395 2183 Episcopatus
424 2121 507 2169 nostri
534 2117 743 2180 subscriptione,
763 2133 831 2167 amno
854 2117 958 2166 Domini
983 2115 1057 2175 1896,

147 2191 188 2238 die
206 2206 263 2240 vero
273 2193 357 2255 prima
370 2192 469 2240 mensis
480 2189 648 2253 Septembris.

367 2380 386 2443 ἢ
405 2376 518 2426 CAESAR
532 2377 555 2425 J.
578 2376 728 2433 bruscorus
745 2371 842 2420 sirco
860 2372 980 2419 Coacon.
