2416 4162
220 226 260 283 30
280 239 430 283 suurn-
446 241 473 284 s.
496 242 669 287 usnrrnms
690 243 797 296 xourr.
821 241 933 285 arosr.
1029 228 1064 284 41

127 341 294 415 Linquens
344 337 465 397 Juda'eae
507 341 562 416 pa·
751 338 795 389 AD
811 337 915 387 HORAS

168 421 278 491 triam,
635 423 707 480 Ant.
723 423 761 479 (le
779 421 890 493 Laud,
907 426 1018 477 coelern
1031 422 1067 476 cle

84 500 225 570 Devonit
239 499 455 572 Antiochiam,
598 503 712 580 comm.
729 503 835 576 Apost.

84 581 316 656 Apostolorum
329 579 469 654 principi
698 597 741 647 AD
759 598 789 646 ll.
807 596 969 661 VESPERAS

85 663 196 722 Corde
208 663 339 735 junctus
354 660 507 721 unanimi.
636 664 708 721 Ant.
729 666 758 719 et
781 663 877 735 Cupit.
897 663 934 718 (le
956 662 1067 733 Laud,

130 745 210 801 Cum
224 743 295 816 ipso
308 742 442 799 Romam
456 742 562 817 potiit,
596 745 663 801 Pss.
681 745 718 800 dc
735 744 849 800 Comm.
866 743 972 815 Apost.

86 827 175 884 Hinc
188 822 364 896 AquitAnos
379 822 471 896 adiit,
767 839 898 881 nunnus

86 908 190 966 Datus
204 905 315 960 Pastor
331 902 484 962 divinitus
634 907 773 962 ucoums
785 907 900 978 pangat
910 900 1070 961 montibus

86 982 306 1046 Lemoviclnis
319 982 455 1042 civibus.
598 923 630 1042 J
647 986 721 1042 Pius
736 982 887 1042 Ecclosiae
903 984 1021 1041 chorus

130 1067 292 1139 Frangens
307 1063 537 1136 idololatriam,
598 1065 742 1123 Laudum
754 1065 879 1122 Christo
894 1063 1067 1139 praeconia,

88 1145 300 1206 Consecravit
311 1142 502 1219 Ecclosiam3
599 1147 666 1203 Hac
679 1146 730 1203 die
746 1144 964 1203 celeborrima.

89 1230 194 1298 Quam
208 1227 260 1300 pie
273 1241 399 1298 semper
414 1225 538 1300 diligat,
639 1227 706 1296 Qua
720 1226 871 1283 Martialis
885 1225 1038 1298 inclytus,

88 1310 129 1366 Et
143 1307 185 1364 ad
200 1303 337 1380 suporna
352 1303 476 1378 dirigat.
599 1307 653 1363 Vir
668 1308 735 1363 Deo
751 1306 992 1378 dilectissimus,

132 1388 179 1446 Sit
193 1387 226 1443 in
242 1384 376 1444 excolsis
392 1385 492 1460 gloria
600 1387 710 1444 Carnis
723 1385 844 1444 solotns
859 1384 1007 1458 noxibus,

90 1470 160 1527 Deo
175 1467 231 1542 qui
245 1466 321 1524 fecit
336 1465 458 1540 omnia3
600 1468 675 1525 Caeli
688 1465 832 1525 succodit
846 1465 986 1525 sodibus.

88 1551 126 1608 ln
139 1552 226 1606 terra
241 1565 301 1622 pax
315 1545 499 1604 hominihus
639 1549 740 1621 Hujus
750 1548 913 1621 praeclaris
928 1547 1051 1605 Actibus

93 1631 226 1688 Sursum
242 1628 341 1685 corda
353 1627 543 1685 levantibus.
598 1629 643 1686 Ac
658 1628 775 1686 divinis
790 1629 950 1698 affatibus,

131 1712 242 1767 Amen.
599 1709 685 1766 Vana
700 1707 860 1766 detostans
874 1707 977 1780 idola,

132 1792 167 1857 ν.
186 1791 249 1847 Ora
267 1805 327 1862 pro
347 1789 457 1861 nobis,
474 1790 565 1848 beate
599 1790 759 1847 Christum
774 1787 895 1862 recapit
909 1788 1019 1846 Gallia.

90 1870 253 1931 Martialis.
264 1869 298 1939 li.
307 1869 347 1927 Ut
354 1869 441 1943 digni
449 1870 564 1927 efficia·
638 1867 780 1926 Exsoltet
794 1868 961 1944 Aquitania

91 1968 165 2011 mur
185 1947 452 2024 promissionibus
476 1950 565 2008 Chri·
599 1951 700 2007 Tanto
715 1948 853 2007 Patrono
867 1947 990 2022 dodita3

91 2033 143 2090 sti.
600 2031 682 2087 Gens
695 2029 830 2086 maxime
845 2028 1015 2088 Lemovica

131 2112 183 2169 Ad
204 2111 318 2168 Bened.
344 2111 416 2168 Ant.
445 2111 470 2167 0
499 2128 564 2167 ma·
600 2112 684 2167 Laeta
697 2109 864 2183 depromat
877 2110 1009 2168 cantica.

93 2189 566 2267 gnumPrimatem‚virt1itemi-
640 2191 721 2248 Huic
737 2189 852 2248 devota
867 2189 1039 2264 supplicet,

94 2271 566 2343 raculorumineffabilem,Mar·
599 2272 692 2328 Hunc
710 2271 907 2328 incessanter
927 2271 1069 2344 invocet,

93 2353 201 2411 tialem
217 2351 418 2426 Apostolum!
435 2356 488 2409 tna
508 2369 567 2409 nos
601 2353 670 2422 Quo
686 2353 747 2427 piis
763 2368 832 2409 sese
847 2350 998 2426 praeibus

93 2431 239 2491 soblevet
246 2432 362 2506 pietas,
375 2449 457 2506 quos
470 2431 567 2490 nimia
601 2433 676 2489 Caeli
692 2431 862 2505 conjungat
874 2427 1008 2490 civibus.

94 2515 207 2588 mergit
214 2513 364 2587 pravitas,
376 2511 567 2586 omnomque
641 2514 666 2570 Ο
681 2513 833 2570 Martialis
846 2512 980 2587 optime,

96 2608 223 2669 gregem
259 2595 318 2651 tibi
360 2593 566 2651 commissum
600 2594 712 2650 Pastor
727 2597 757 2650 et
772 2594 836 2650 dux
851 2592 989 2667 egrogie,

96 2672 236 2748 dignaris
247 2672 424 2748 perdocere
439 2675 479 2731 ad
495 2675 567 2747 gau·
600 2675 662 2730 Pro
673 2675 791 2731 nostris
805 2674 1001 2732 facinoribus

96 2756 148 2813 oia
164 2755 286 2813 Sanctis
300 2755 488 2830 praeparata.
600 2753 760 2812 Interveni
774 2754 940 2829 propitius.

274 2850 391 2894 onxrro
640 2834 777 2909 Impotra
792 2837 885 2893 nobis
900 2834 1025 2893 uoniam

150 2920 334 2975 uulneratus
376 2914 567 2990 sempitorne
600 2917 692 2991 Apud
715 2917 831 2974 Christi
855 2914 1070 2986 clamantiam,

163 2999 262 3069 Deus,
278 2999 333 3071 qui
347 2997 474 3055 beotum
489 2999 568 3055 Mar·
602 2999 656 3068 Ut,
674 2996 806 3070 expiatis
820 2996 984 3067 sordibuS,

95 3078 202 3135 lialem
234 3078 455 3135 Confessorem
478 3083 568 3136 tuum
603 3079 669 3135 Deo
683 3077 826 3134 fruamur
841 3076 976 3150 plonius.

96 3162 190 3232 atque
209 3159 395 3216 Pontificem
417 3157 568 3217 Ecclosiae
642 3159 771 3214 Praestet
786 3156 904 3215 aetorna
919 3158 1071 3228 Trinitas,

96 3244 158 3297 tuae
178 3245 295 3296 sanctae
310 3238 447 3313 praeosse
463 3240 567 3299 volui·
602 3240 721 3295 Eadem
736 3238 869 3312 simplex
881 3239 1010 3296 Unitas:

97 3321 150 3392 sti;
181 3319 376 3394 qua'esumus,
405 3326 439 3377 ut
475 3321 568 3377 nobis
602 3320 1045 3391 Parens,NatusetCaritas;

97 3402 165 3475 ejus
179 3401 423 3474 suffragantibus
434 3400 566 3473 monitio,
603 3402 722 3458 Cuncta
737 3399 918 3474 gubornans
934 3399 1050 3458 Doitas

96 3482 222 3555 pietatis
232 3486 294 3538 tuae
310 3483 441 3554 gratiam
455 3483 567 3555 largia-
641 3483 750 3539 Amen.

96 3562 151 3620 ris.
167 3563 227 3619 Per
240 3561 409 3620 Dominum
425 3569 568 3620 nostrum
642 3565 675 3629 ll.
694 3565 756 3621 Ora
776 3580 834 3638 pro
855 3563 964 3632 nobis,
982 3561 1072 3619 beate

95 3644 203 3700 lesum
220 3644 390 3700 Christum.
601 3644 761 3701 Martialis.
772 3643 1073 3717 uutdigniefficia-

136 3725 230 3782 Nulla
254 3725 289 3796 fil
309 3725 485 3795 Cononem,
509 3725 569 3781 nisi
602 3742 673 3782 mur
694 3724 961 3800 promissionibus
986 3725 1073 3781 Chri·

96 3805 318 3863 sitDomiuica.
602 3807 650 3862 sti.
