2422 4162
175 227 211 283 15
232 240 326 283 sunu.
342 257 383 266 —
398 240 527 283 snscrn
549 241 710 285 crunnum
731 242 846 286 cousrn
867 243 953 285 vum.
1017 230 1056 287 29

257 356 374 399 onnrro
583 341 1056 413 Aentimonasterio,locumas·

131 436 153 479 Α
168 423 276 493 nobiS‚
292 419 549 495 queesumust·
583 421 758 495 perrimum
795 423 945 481 soliteriae
984 426 1056 483 vitae

75 441 127 560 D
146 503 246 574 mine,
259 502 403 576 spiritum
415 503 467 559 cui
477 502 550 559 bei·
583 502 736 561 idimeum
749 509 875 576 nactus,
893 505 1053 563 reminsit.

75 588 126 640 tus
155 582 355 640 Psalmtidius
383 581 514 640 servivit
540 603 546 640 :
583 585 618 640 ln
646 584 791 642 oratiene
819 585 861 641 ita
893 585 952 642 tuit
980 586 1056 643 assi·

74 669 125 736 ut,
143 663 257 722 ecdem
276 662 407 737 repleti,
425 661 548 720 debitas
584 665 681 736 duus,
707 670 741 721 ut
769 665 912 738 quotidie
940 672 1057 740 praeter

74 746 134 802 tihi
153 744 265 802 leudes
289 742 403 802 devite
426 744 548 818 persol·
583 745 715 803 ca'eteras
742 762 870 820 preces,
898 745 1055 820 integrum

75 826 202 896 vimus,
217 830 247 882 et
261 826 356 897 hujus
371 825 482 881 mundi
498 841 547 882 ca·
582 824 768 883 Psalterium
784 826 951 884 recitiret:
970 829 1055 886 unde

75 904 159 963 di1ca
179 904 380 979 spernentes,
403 905 443 961 ad
464 906 548 962 bona
581 906 754 964 Psalmddii
778 925 895 964 nomen
925 908 1055 966 sortitus

74 985 214 1044 caele'stia
250 985 368 1060 jugiter
406 985 547 1060 adspire-
582 991 638 1044 est.
659 987 856 1045 Abstinentia
872 990 941 1062 ejus
960 990 1054 1047 miri-

73 1085 156 1126 mus.
174 1069 270 1124 Per...
288 1065 431 1140 ejusdem
452 1066 547 1141 Spiri-
581 1069 655 1125 bilis
676 1069 749 1140 fuit,
773 1070 816 1126 ita
835 1074 867 1126 ut
890 1074 987 1127 totam
1008 1072 1053 1129 vi·
1136 1142 1139 1147 Ι

74 1149 166 1207 ritus.
581 1153 645 1206 tam
672 1149 785 1206 dic'bus
807 1150 1053 1208 solemnitiribus

114 1231 147 1287 Si
171 1231 295 1287 Festum
320 1229 351 1286 S.
377 1229 507 1286 Jonnnis
529 1247 547 1285 α
582 1229 738 1303 exceptis,
768 1231 801 1287 in
825 1229 956 1304 jejuniis
984 1232 1052 1305 ige·

72 1311 104 1368 S.
125 1311 273 1367 Facundo
297 1312 342 1367 vet
367 1311 491 1366 Festum
514 1310 544 1367 S.
581 1315 639 1368 rct.
661 1310 833 1368 Psalmtrdii
855 1313 1053 1370 sanctitttem

74 1391 200 1448 Antonii
226 1392 443 1464 transferatur,
472 1389 543 1447 Ant.
581 1390 674 1448 etiam
691 1394 724 1449 in
739 1391 924 1450 Lemovicio
940 1395 1053 1451 crebra

73 1476 102 1528 et
121 1473 155 1538 ir.
174 1473 371 1529 immutentur
383 1472 478 1544 juxta
496 1488 548 1528 ru·
581 1476 611 1528 et
625 1473 712 1529 viria
732 1472 885 1530 mirtrcula
904 1490 1051 1548 compro·

74 1551 183 1610 bricas.
580 1552 706 1610 btrunt.
747 1554 923 1627 Aquitirniae
961 1555 1052 1612 ducis

227 1648 340 1690 cremo
360 1648 392 1689 rx
579 1632 677 1690 tiliam
697 1633 822 1692 celubri
839 1651 948 1692 morsu
965 1636 1050 1708 peri·

127 1712 361 1785 εΑιΜόυιυε,
393 1711 545 1786 Gregerio
580 1714 741 1770 clitintem
772 1731 854 1787 aqua
882 1714 1051 1773 benedicta

74 1733 253 1868 PMagno
284 1794 484 1865 coaetzineus,
512 1795 544 1851 in
580 1795 711 1853 sanivit.
747 1792 999 1867 Energiimenam
1032 1813 1050 1853 a

70 1874 184 1948 Majtri
204 1874 365 1932 Britannia
385 1874 472 1931 claro
494 1873 544 1948 ge·
579 1875 726 1932 daemone
760 1875 918 1933 liberivit.
951 1876 1049 1935 Alteri

70 1972 148 2012 nere
168 1960 274 2027 natus,
296 1954 413 2012 divinis
431 1954 544 2012 litteris
578 1972 672 2014 caecae
692 1958 796 2014 visum
816 1955 967 2014 reddidit.
990 1958 1049 2016 Tot

70 2041 102 2093 et
116 2036 298 2093 christiatnis
312 2034 455 2092 miribus
467 2036 543 2093 edu·
577 2035 716 2110 denique
739 2036 895 2110 prodigiis
918 2037 1046 2110 diruit,

70 2117 160 2174 citus
184 2121 241 2174 est.
267 2116 379 2173 Adhuc
396 2113 540 2189 juvenis,
577 2121 610 2173 ut
621 2134 694 2174 cum
707 2115 804 2175 latere
815 2117 920 2189 vellet,
936 2117 1048 2176 solius·

70 2214 144 2255 cum
159 2198 192 2254 in
210 2196 316 2254 littore
335 2196 432 2252 maris
446 2213 542 2270 supra
577 2214 638 2270 que
653 2199 711 2254 Dei
726 2196 859 2270 glirium
873 2197 1045 2272 qur'ereret,

69 2278 187 2335 fascem
209 2279 287 2351 algae
311 2276 539 2349 obdormisset,
576 2279 644 2350 ejus
659 2278 924 2335 humilitasaDeo
940 2277 1047 2352 petere

69 2358 138 2432 alga
153 2359 192 2415 ab
214 2359 305 2432 aquis
324 2356 445 2414 elevtta
464 2356 541 2415 itm·
576 2374 648 2415 eum
678 2357 834 2432 coegerit,
864 2364 897 2415 ut
925 2359 1046 2416 nullum

70 2439 125 2497 diu
144 2440 233 2496 illum
253 2437 414 2508 sustinuit,
437 2438 541 2496 donec
575 2438 711 2512 implius
743 2439 881 2512 patriret
911 2439 1046 2497 mirien-

68 2518 257 2577 recedentes
280 2521 394 2576 fluctus
416 2518 542 2577 divinas
574 2518 651 2577 lum.
678 2521 753 2577 Vitae
777 2537 873 2577 cursu
897 2537 970 2578 cum
991 2521 1045 2577 ad-

68 2600 180 2657 liudes
197 2600 418 2658 decantintem
439 2600 472 2656 in
492 2599 540 2656 lit·
575 2601 714 2658 miribili
746 2601 910 2658 sanctitite
939 2601 1045 2659 conte-

68 2686 138 2739 tore
164 2680 356 2738 inctlumem
378 2679 539 2754 relinque·
560 2687 642 2753 cto,
669 2683 778 2739 Idibus
800 2680 886 2739 Jimii
908 2683 948 2739 ad
970 2684 1045 2739 Bea-

68 2766 149 2819 rent.
180 2761 280 2818 AEttrte
309 2778 476 2834 crescens,
507 2764 539 2820 in
573 2761 678 2819 terum
694 2763 786 2819 sedes
807 2763 951 2821 evolivit.
969 2765 1045 2836 Ejus

67 2842 268 2916 Aquiliniam
299 2843 383 2915 apud
411 2842 539 2900 Sanctit-
574 2860 691 2917 corpus
724 2844 886 2900 mirtculis
922 2842 1045 2916 insigne

68 2939 125 2980 nes
151 2921 297 2994 recessit,
324 2923 379 2979 ubi
402 2940 420 2979 a
445 2923 538 2981 heito
572 2923 849 2982 Aentimonasterii
880 2923 1044 2981 ctinditum

68 3002 201 3061 Leontio
231 3002 382 3077 episcopo
411 3005 540 3061 honori·
573 3009 634 3075 est,
659 3006 714 3061 ubi
741 3022 864 3062 summa
891 3004 1045 3078 religitine

66 3085 127 3142 fiee
149 3082 300 3157 exceptus
321 3088 383 3154 est,
408 3090 438 3140 et
457 3102 539 3159 aqua
573 3083 699 3142 celitur.

67 3182 138 3239 quae
158 3165 227 3239 ejus
244 3165 391 3221 minibus
410 3164 538 3223 abluen-
611 3166 662 3222 An
677 3166 774 3222 Laud.
789 3166 861 3224 Ant.
880 3165 1042 3224 Similsho.

67 3246 117 3303 dis
130 3245 330 3316 inservierat,
339 3245 463 3302 Letintii
473 3247 537 3318 jus·
572 3248 605 3313 tr.
622 3245 755 3304 Amisit.
773 3264 788 3302 e
802 3248 830 3304 I.
850 3248 934 3319 Vesp.

67 3343 103 3385 su
137 3343 231 3384 caecae
264 3326 405 3384 mulieris
438 3326 539 3383 riculis

66 3406 225 3479 adhibita,
246 3408 308 3481 ipsi
324 3408 428 3464 visum
451 3407 539 3464 resti·
750 3407 803 3456 DIE
820 3408 864 3456 XV

65 3489 135 3546 tuin
150 3489 267 3544 Verum
282 3505 355 3545 cum
375 3489 443 3560 ejus
457 3488 539 3545 fama
598 3489 719 3548 SANCTAE
741 3491 895 3549 GERMANAE
917 3489 1021 3549 COUSlN

66 3569 189 3627 crebris
208 3568 370 3626 miraculis
386 3584 540 3642 propaga·
725 3586 897 3628 vrncrnls

65 3649 165 3722 retur,
182 3650 215 3706 in
235 3649 452 3708 Lemovicium
469 3666 539 3723 per·
743 3653 873 3725 Duplex.

65 3729 170 3803 rexit,
201 3736 231 3787 et
265 3731 310 3788 ibi
342 3731 374 3788 in
409 3729 540 3788 nemore
615 3733 724 3789 Omnia
748 3734 785 3790 de
809 3735 924 3790 Comm.
950 3732 1044 3805 Virq,

67 3810 259 3870 densissimo
285 3829 350 3869 non
378 3812 471 3887 longe
500 3813 539 3870 ab
570 3818 685 3887 proeter
699 3830 759 3891 seq.
