2416 4162
202 342 244 376 me
261 325 425 397 infrascripto
446 324 578 374 Cardinali
602 325 687 375 Sacrae
711 325 797 375 eidem
821 325 1022 390 Congregationi
1042 325 1119 374 Pran-

201 392 281 450 fecto,
299 389 464 450 Rescriptum
482 401 562 437 sacrae
576 388 657 450 ipsius
672 387 726 437 Con
760 388 886 453 egationis
900 395 986 437 ratum
999 387 1118 447 habens,

202 453 316 515 benigne
330 450 474 500 concedere
486 450 590 514 dignata
605 456 657 510 est,
670 457 699 500 ut
715 465 729 499 a
761 452 886 500 universo
903 450 979 500 Clero
995 451 1122 500 saeculari

202 515 343 564 dioeceseos
358 512 444 562 Sancti
459 512 558 562 Claudii
573 519 597 562 et
613 528 627 562 a
647 513 784 577 Religiosis
803 528 834 563 ac
853 513 1009 562 Monialibus
1025 511 1122 562 Calen-

202 577 274 626 dario
295 576 447 625 Dioecesano
466 575 611 634 utentibus,
632 577 659 624 in
679 575 757 625 Horis
776 575 914 625 Canonicis
953 575 1122 625 ersolvendis

202 646 278 702 atque
290 638 317 686 in
332 637 409 687 Sacro
424 637 586 702 peragendo,
603 637 672 686 idern
692 637 877 687 Calendarium
893 643 917 687 et
934 591 1076 700 proprium
1091 636 1121 686 in

202 707 336 764 posterum
351 700 469 749 adhiberi
482 700 579 763 valeat3
595 699 680 749 addita
695 706 783 749 tamen
797 700 959 760 conditione,
973 706 1014 762 ut,
1030 700 1121 750 statim

203 769 279 826 atque
298 777 327 812 ea
346 762 413 826 typis
428 776 489 811 cusa
503 762 614 818 luerint,
630 763 726 824 duplex
739 763 873 826 exemplar
892 763 925 812 ad
942 763 1051 812 Sacram
1071 761 1121 812 Ri-

203 831 277 874 tuum
284 824 518 889 congregationem
525 824 724 874 transmittatur.
736 824 877 874 Contrariis
887 839 940 874 non
950 824 1122 874 obstantibus

203 887 422 951 quibuscumque.

282 998 328 1047 Die
342 997 429 1049 'llulii
443 995 514 1046 1896.

373 1148 391 1209 :s
407 1132 463 1182 Clu.
479 1131 554 1181 Card.
570 1133 806 1184 Amisi-Massam
822 1137 847 1183 s.
863 1135 893 1183 lt.
908 1132 936 1181 C.
951 1131 1070 1180 l'raelect.

252 1244 335 1293 Locus
355 1242 468 1319 issigitli.

562 1331 686 1381 Auoisms
700 1330 811 1380 Tamari
828 1326 852 1374 S.
867 1325 897 1374 R.
912 1323 939 1371 C.
952 1324 1047 1373 secret.

236 1560 397 1624 Quapropter
415 1563 448 1611 de
468 1561 662 1611 Venerabilium
684 1561 796 1610 fratrum
822 1565 973 1610 nostrorum
997 1560 1122 1611 Ecclesiae

204 1631 306 1681 Nostrae
332 1632 490 1683 cathedralis
516 1631 708 1681 Canonicorum
734 1632 856 1694 consilio,
883 1631 1008 1694 praesenti
1027 1638 1122 1682 nostro

205 1703 327 1752 mandato
341 1703 463 1754 omnibus
475 1709 500 1752 et
515 1703 625 1767 singulis
638 1703 670 1752 de
689 1702 766 1752 Clero
783 1709 872 1752 nostro
884 1703 930 1766 qui
945 1703 977 1752 ad
993 1702 1121 1753 Officium

204 1774 322 1823 divinum
336 1779 466 1837 tenentur,
483 1775 637 1823 mandamus
649 1788 680 1824 ac
695 1774 862 1838 praecipimus
877 1780 905 1823 ut
920 1775 947 1824 in
967 1775 1119 1824 divinarum

203 1845 321 1895 Laudum
333 1845 485 1895 recitatione
497 1845 689 1909 Missarumque
703 1846 876 1896 celebratione
893 1846 1019 1896 Ordinem
1029 1846 1121 1896 Sancti

204 1914 305 1965 Claudii
325 1916 461 1980 proprium
483 1916 628 1980 subjectum
652 1917 888 1980 Calendariumque
913 1922 1072 1980 perpetuum
1099 1918 1122 1966 ei

204 1987 335 2037 adnexum
349 1987 509 2038 adamussim
522 1994 614 2038 curent
626 1990 773 2039 observare.

235 2107 329 2157 Datum
340 2108 428 2158 Sancti
441 2108 541 2158 Claudii
556 2110 604 2159 snb
619 2110 694 2174 signo
706 2109 845 2172 sigilloque
866 2108 963 2157 nostris
984 2122 1014 2157 ac
1029 2108 1123 2158 Secre-

202 2178 261 2227 tarii
283 2179 452 2242 Episcopatus
479 2181 562 2229 nostri
589 2180 799 2243 subscriptione,
818 2194 886 2229 anno
909 2178 1014 2228 Domini
1038 2178 1114 2240 1896,

204 2248 246 2297 die
263 2263 320 2298 vero
330 2251 414 2313 prima
427 2251 527 2300 mensis
537 2250 706 2314 Septembris.

424 2439 442 2500 †
464 2435 578 2487 CAESAR
593 2437 616 2487 J.
636 2434 784 2481 Episcopus
803 2430 897 2476 sineri
918 2427 1037 2475 Crnunn.
