2416 4162
423 111 691 184 TUTELEN.

66 517 122 614 Du
136 503 256 554 Romana
270 500 385 567 Liturgia
400 500 429 551 in
444 515 519 551 suam
532 499 672 550 Dioeoesim
686 500 831 550 revocanda
846 499 964 564 apprime
978 501 1047 552 solli·

123 575 191 625 citus
205 572 448 624 Reverendissimus
462 571 590 621 Dominus
603 572 724 622 Joansss
738 572 869 622 Baerrsra
885 572 1047 624 Lsousnuus

66 645 242 698 BERTEAUD
253 645 396 710 Episcopus
409 643 569 705 Tutelensis,
581 642 621 692 sui
632 642 749 693 muneris
759 658 815 693 esse
826 643 898 693 duxit
908 644 1047 707 Proprium

67 717 222 768 Olllciorum
236 717 265 766 in
278 731 357 766 usum
372 714 440 765 Cleri
455 715 577 765 Dioecesis
591 715 673 778 ipsius
687 714 830 778 conficere,
847 715 875 765 in
889 729 941 778 quo
958 716 1046 780 pristi-

65 804 129 841 nam
149 788 322 840 honorificam
341 787 430 838 sedem
449 791 589 851 pergerent
607 786 719 836 retinere
739 787 840 837 Caelites
859 787 911 848 illi,
927 788 1046 850 quicum

65 875 110 912 eas
128 860 252 927 regiones
274 859 399 927 virtutum
419 858 559 923 splendore
580 858 767 920 illustrassent,
787 873 802 908 a
821 858 927 909 vetustis
945 859 1048 910 saeculis

65 931 194 998 singulari
216 931 288 982 cultu
309 930 408 982 ibidem
427 930 552 980 honorari
571 937 774 992 consueverunt,
795 945 809 980 e
828 931 942 994 probatis
963 930 1047 996 legiti-

65 1003 169 1068 misque
190 1003 306 1053 lontibus
329 1002 474 1066 desumptis
497 1001 664 1052 Lectionibus
687 1006 712 1051 et
735 1001 902 1052 Orationibus
923 1002 1043 1065 propriis.

65 1076 169 1128 Gnarus
188 1089 250 1126 vero
268 1075 412 1139 Episcopus
430 1079 518 1123 orator
536 1087 660 1137 supremo
680 1073 779 1123 Sanctae
801 1074 875 1124 Sedis
894 1074 1047 1138 Apostolicae

62 1147 161 1212 judicio
175 1147 302 1197 reservari
315 1145 443 1210 quidquid
456 1159 560 1195 sacram
574 1144 680 1208 respicit
691 1144 834 1208 liturgiam,
849 1144 981 1208 exemplar
992 1160 1047 1196 ma-

64 1219 230 1283 nuscriptum
240 1217 316 1282 hujus
325 1216 426 1282 Proprii
435 1231 494 1266 cum
502 1231 549 1266 suo
558 1216 743 1279 Supplemento
751 1215 869 1265 exhibuit
877 1215 1047 1267 Sanctissimo

64 1290 177 1343 Domino
199 1296 287 1340 nostro
310 1289 357 1339 Pio
379 1289 448 1353 Papa
468 1288 512 1338 Ill.
535 1287 698 1352 supplicibus
719 1287 814 1338 additis
835 1287 914 1350 votis,
935 1294 964 1338 ut
981 1288 1047 1338 illud

64 1375 188 1428 suprema
202 1360 353 1411 auctoritate
367 1374 414 1409 sua
433 1359 590 1424 approbare,
608 1357 736 1422 Cleroque
755 1359 888 1408 Tutelensi
902 1359 1047 1410 concedere

63 1433 226 1500 dignaretur.
251 1433 366 1482 Examen
389 1430 497 1482 exhibiti
520 1430 623 1494 Proprii
645 1435 671 1480 et
689 1429 768 1493 hujus
787 1429 966 1493 supplementi
985 1445 1046 1481 curn

65 1504 194 1556 Sanctitas
209 1503 261 1555 Sua
280 1503 442 1554 commiserit
463 1503 604 1553 Sacrorum
623 1502 732 1552 Rituum
751 1501 969 1566 Congregationi,
990 1503 1047 1553 haec

65 1576 171 1641 probari
183 1589 260 1640 posse
274 1575 376 1625 censuit
387 1574 436 1624 sub
449 1575 526 1624 modo
539 1579 564 1624 et
577 1573 662 1623 forma
674 1573 701 1622 in
712 1573 804 1623 eodem
814 1573 956 1636 exemplari
967 1573 1047 1623 adno-

64 1649 133 1698 tatis.
150 1647 235 1707 Quam
250 1646 334 1697 Sacrae
348 1645 562 1710 congregationis
575 1644 744 1707 sententiam,
759 1644 888 1694 referente
900 1644 1046 1709 subscripto

67 1718 227 1780 Secretario‚
248 1732 309 1768 cum
331 1717 517 1767 Sanctissimus
539 1717 609 1767 idem
631 1716 759 1766 Dominus
779 1721 862 1765 ratam
881 1715 1002 1765 habuerit
1022 1723 1047 1766 et

67 1790 275 1849 confirmaverit,
291 1789 440 1853 Apostolica
459 1789 618 1854 benignitate
636 1788 758 1849 indulsit,
777 1793 805 1837 ut
819 1787 889 1837 idem
908 1788 1047 1850 Proprium

66 1861 221 1915 Officiorum
233 1861 281 1912 sub
293 1860 371 1910 modo
381 1867 406 1910 et
415 1860 498 1910 lorma
508 1860 638 1924 praedictis
648 1860 685 1910 ull
696 1874 773 1923 supra
785 1859 936 1909 adnotatum
948 1875 962 1909 a
973 1859 1047 1909 Claro

65 1934 198 1985 Tutelensi
207 1938 332 1997 perpetuo
342 1938 461 1983 servetur
469 1932 497 1981 in
507 1932 583 1981 lloris
592 1931 724 1982 canonicis
734 1930 919 1995 persolvendis,
931 1930 1047 1994 injuncto

66 2020 145 2056 onere
167 2005 294 2069 Episcopo
313 2003 421 2065 oratori,
442 2010 483 2063 ut,
504 2010 641 2068 postquam
662 2003 733 2052 idem
753 2003 893 2067 Proprium
917 2017 977 2053 cum
999 2018 1046 2052 suo

66 2076 223 2129 Kalendario
242 2077 371 2139 Perpetuo
391 2075 421 2141 (·)
438 2076 517 2125 luerit
534 2075 601 2140 typis
620 2075 804 2138 commissum,
824 2074 920 2140 duplex
939 2074 1047 2125 authen·

65 2150 148 2200 ticum
160 2148 293 2212 exemplar
303 2148 374 2198 illico
388 2147 420 2197 ad
432 2162 534 2198 sacram
548 2147 656 2199 Rituum
668 2146 903 2212 Congregationem
914 2146 1046 2197 transmit-

66 2227 143 2272 tatur.
162 2220 306 2270 Contrariis
321 2235 374 2270 non
388 2220 550 2271 obstantibus
563 2219 782 2284 quibuscumque.

97 2336 146 2386 Die
160 2335 191 2387 16
204 2333 350 2386 Julii1863.

234 2495 262 2545 C.
279 2495 426 2559 Episcopus
441 2495 568 2546 Pertusa.
585 2502 611 2544 et
625 2496 652 2546 S.
668 2495 774 2560 Rufina
789 2496 871 2546 Canu.
887 2495 1015 2546 PATRlZI

564 2568 592 2617 S.
609 2568 640 2616 ll.
659 2568 686 2616 C.
702 2569 857 2631 Praefectus.

398 2752 429 2802 D.
448 2753 593 2803 Brnrouuu
610 2753 637 2804 S.
653 2753 685 2802 R.
703 2753 730 2803 C.
747 2753 919 2804 Secretarius.

96 3160 123 3264 p)
142 3160 304 3266 Kolendorium
320 3162 459 3216 Perpetuam
475 3163 566 3218 speciali
587 3163 706 3218 probatum
727 3168 761 3207 est
780 3163 870 3206 decreto
891 3164 956 3217 cujus
976 3164 1045 3207 linem

68 3234 93 3264 re
104 3234 154 3265 erre
166 3235 221 3277 juva
233 3257 237 3266 .
