2416 4162
153 208 189 264 21
215 223 285 267 ocu.
304 239 341 248 -
359 224 404 265 ss.
431 224 565 266 unsumn
587 224 626 266 aa
648 222 718 266 soc.
742 222 828 265 vmn.
853 223 892 262 nu
913 221 1010 264 unna.
1055 208 1093 264 37

154 322 239 395 Vesp.
276 341 294 380 α
328 323 425 395 Cupit.
455 324 492 380 de
519 340 580 397 seq.
658 322 775 379 Deinde
797 322 962 379 commem.
986 321 1017 378 S.
1038 322 1092 378 Hi-

107 403 147 458 B.
171 403 341 476 Murpurilu
363 404 462 461 Μανία
486 405 581 478 Virp.,
619 402 745 460 larionis
766 401 877 459 Abbul.
904 402 976 457 Ant.
1002 401 1092 459 Simi-

108 501 179 540 cum
193 484 358 540 Commem.
369 486 504 557 proeced.
592 544 595 552 ,
617 482 702 540 labo.
725 483 759 549 il.
776 482 912 540 Amavit.
937 481 1022 539 Orat.
1043 484 1092 539 ln-

617 561 783 621 tercessio.
802 564 833 620 in
847 564 937 620 Breu.

278 641 330 690 ΜΕ
347 641 416 690 xvu
731 658 763 707 iu
781 659 800 707 1.
813 657 979 708 uuasuuuo

119 724 155 780 Β.
179 724 419 781 MARGARITAE
440 725 574 783 MARIAE
656 725 738 781 Lect.
756 726 793 781 de
804 724 915 797 Script.
932 740 1034 780 occur.

209 807 384 868 ALACOQUE
400 809 488 860 VIRG.
720 820 753 869 lu
769 819 800 870 ll.
818 818 987 869 NOGTURNO

279 885 410 956 Duplex.
767 900 881 943 uncum
903 901 936 941 1v

154 964 192 1021 Ut
221 965 252 1020 in
282 966 496 1037 Supplemenlo
523 985 583 1039 pro
669 981 796 1024 nsumu
809 969 840 1023 et
854 962 1008 1039 plurimas
1020 965 1089 1037 eius

109 1044 260 1116 aliquibus
278 1047 361 1102 locis.
617 983 666 1104 U
689 1046 794 1104 sheias
821 1047 918 1103 domo
942 1044 1089 1103 Britdnes

154 1125 238 1198 Vesp.
265 1127 302 1183 de
328 1143 388 1200 seq.
415 1128 579 1186 commem.
615 1126 712 1184 luisse
746 1131 837 1185 vetus
870 1131 901 1183 et
938 1131 1088 1184 constans

105 1207 240 1278 proeced.
615 1207 746 1265 traditio
783 1205 954 1282 profertur.
995 1208 1088 1277 Quod

615 1288 696 1346 forte
724 1287 826 1362 patria
852 1285 1027 1345 tentaretur
1048 1288 1087 1344 ab

282 1365 335 1413 DIE
349 1364 406 1413 hill
614 1369 723 1443 Anglis
743 1373 773 1427 et
793 1367 986 1440 Saxhnibus‚
1004 1367 1087 1425 aliis-

144 1444 167 1502 S.
190 1444 317 1504 URSULAE
337 1447 376 1506 ET
397 1447 548 1509 sucnuuu
616 1466 678 1524 que
693 1466 710 1507 e
728 1448 943 1523 sepienti-idne
962 1447 1087 1523 praedd-

209 1542 295 1584 mna.
320 1543 359 1584 ET
381 1543 478 1587 unua.
615 1531 727 1602 nibus,
756 1529 831 1587 exiit
863 1547 880 1586 e
913 1534 998 1586 terra
1030 1546 1087 1587 sua

277 1608 408 1681 Duplex.
614 1611 742 1669 beatum
757 1625 869 1684 agmen
882 1625 920 1666 eo
930 1609 996 1666 lere
1009 1608 1086 1666 tem-

149 1686 257 1743 Omniu
279 1689 316 1745 de
340 1690 455 1747 Comm.
483 1690 577 1764 Virp.,
613 1707 692 1764 pore
705 1708 769 1765 quo
783 1689 1086 1764 pluressacerdlntes

103 1771 219 1839 proeler
234 1784 295 1840 seq.
614 1787 652 1829 ac
662 1770 783 1842 clerici,
793 1769 947 1844 multique
958 1770 1012 1826 alii
1023 1771 1084 1827 viri

145 1848 251 1905 Pridie
271 1849 301 1905 in
324 1851 421 1924 Vesp.,
443 1853 576 1924 uCupil.
613 1868 630 1908 e
649 1852 812 1910 Britannia
832 1850 1019 1924 migrdnteS,
1035 1850 1084 1907 lit-

105 1927 144 1984 de
164 1928 215 1985 SS.
242 1929 351 1987 Ursulu
370 1935 399 1988 et
418 1933 486 1989 Soc.
505 1932 579 1990 Post
613 1937 682 1989 tora
711 1931 885 1989 Armdricae
920 1929 1081 2004 petebant.

105 2007 260 2081 Hymnum
283 2011 426 2069 dicuntur
439 2033 448 2070 :
464 2014 497 2079 ir.
517 2014 578 2070 Ad·
612 2015 672 2070 Per
689 2013 791 2070 Rheni
810 2011 890 2069 hstia
908 2012 941 2068 in
957 2012 1084 2068 Germi-

106 2087 496 2166 ducenturRegiVirgines
506 2100 578 2167 post
613 2095 697 2151 niam
725 2090 899 2150 secundam
927 2090 1085 2149 venerunt

106 2185 186 2225 eam.
209 2170 242 2239 R.
264 2171 420 2231 Prdximae
443 2175 511 2246 ejus
535 2176 577 2232 al·
612 2175 726 2232 Ursula
757 2179 787 2231 et
814 2172 910 2230 shciae
939 2174 1022 2245 ejus,
1054 2177 1084 2230 et

105 2248 329 2308 fere'nturtibi.
613 2255 753 2312 Coldniae
765 2252 946 2327 Agrippinae
956 2252 1082 2310 resede-

144 2329 195 2387 Ad
208 2331 334 2406 Mupnif.
346 2333 418 2392 Aut.
436 2336 576 2395 Pruden-
611 2340 695 2408 runt,
705 2336 759 2392 ubi
769 2334 918 2408 pietatem
929 2333 1081 2406 aliquAm·

105 2412 153 2467 tes
172 2410 316 2485 Virgines
335 2414 438 2487 aptate
456 2422 577 2475 vestras
612 2416 667 2473 diu
687 2414 868 2486 coluerunt,
887 2413 1082 2488 caeterasque

104 2489 283 2565 lampades:
295 2510 371 2551 ecce
379 2512 516 2568 sponsus
524 2515 576 2557 ve·
611 2494 745 2555 virtutes
760 2512 831 2569 quae
844 2511 978 2568 sponsas
994 2495 1082 2552 Chri·

105 2570 162 2642 nit,
180 2570 261 2630 exite
277 2572 404 2631 dbviam
420 2577 460 2634 ei.
611 2577 651 2633 sti
679 2576 818 2649 virgInes
844 2577 971 2632 decent.
1000 2576 1081 2632 Dum

281 2669 398 2712 omum
611 2656 730 2728 autem,
761 2662 795 2714 ut
823 2654 1082 2729 diligentissimus

104 2750 179 2868 DA
195 2735 299 2804 nobis,
317 2735 500 2808 quaesumus
516 2737 575 2795 Dh-
611 2736 791 2811 Sigebertus
810 2736 922 2794 ductor
937 2740 998 2807 est,
1016 2736 1081 2793 illie

175 2816 259 2872 mine
275 2816 359 2872 Deus
374 2822 493 2889 noster,
506 2835 576 2876 san·
611 2817 776 2891 degerent,
798 2817 891 2874 Attila
910 2817 974 2873 dux
995 2816 1081 2872 Hun-

105 2895 227 2952 ctarum
252 2894 414 2968 Virginum
441 2903 472 2955 et
495 2899 574 2956 Mar·
610 2898 736 2973 nerum,
752 2899 895 2955 Rhenum
909 2895 1078 2968 transiens,

104 2980 208 3048 tyrum
238 2974 364 3032 tuarum
395 2979 517 3036 Ursulae
545 2984 576 3037 et
609 2980 642 3036 in
663 2979 777 3036 Gallias
797 2975 958 3052 prorupit,
980 2976 1081 3034 ruinis

105 3056 270 3113 sociarum
292 3058 360 3128 ejus
384 3058 504 3130 palmas
525 3061 574 3116 in·
610 3065 640 3117 et
661 3058 784 3117 terrhre
806 3057 924 3131 ubique
949 3059 1078 3130 sparsis.

104 3137 252 3194 cessabili
281 3136 452 3196 devotidne
480 3157 574 3197 vene·
609 3138 975 3197 Interbellurumturhas
986 3142 1080 3211 atque

103 3217 188 3274 rari:
207 3220 240 3273 ut
255 3233 333 3290 quas
354 3218 448 3291 digna
468 3226 574 3279 mente
609 3220 733 3278 excidia
744 3219 882 3290 urbium,
897 3217 1080 3293 stragesque

103 3315 168 3355 non
195 3296 364 3371 pessumus
393 3300 571 3373 celebrhre,
609 3301 743 3370 civium,
757 3300 922 3357 Colhniam
938 3315 1009 3372 quae
1024 3298 1079 3356 ve-

102 3378 278 3435 humllibus
297 3380 407 3436 saltem
427 3381 573 3455 frequen·
608 3380 877 3439 terumvallhrum
891 3379 1078 3450 munitidne,

102 3457 394 3532 te'musobsequiis.
411 3461 482 3518 Per.
608 3467 639 3520 et
665 3462 766 3519 Rheni
796 3459 893 3518 fluvio
920 3459 1079 3518 validissi-

141 3541 192 3596 Fil
213 3541 521 3613 Commemproeced.
540 3545 570 3601 S.
608 3561 694 3600 mum
723 3546 862 3599 castrum
889 3541 1078 3612 habebatur,

100 3621 231 3677 lounnis
242 3621 501 3691 Cuulii,Anl.Hie
511 3625 571 3681 vir.
609 3622 816 3696 confugerant
842 3623 951 3696 plures
979 3624 1079 3681 sancti

102 3702 135 3766 ir.
150 3702 285 3759 Justum.
306 3702 390 3758 Orul.
407 3704 467 3774 Da,
488 3704 573 3777 qua'e-
608 3704 777 3779 presules,
796 3702 950 3776 multique
967 3704 1080 3760 viriae

102 3799 221 3839 sumus.
236 3783 364 3854 propriu
378 3783 408 3839 in
420 3784 510 3842 Breu.
608 3784 758 3842 mulieres
791 3783 911 3841 ibidem
939 3784 1012 3840 vitae
1043 3799 1081 3840 ae

177 3892 330 3955 [rursum]
818 3906 942 3946 sununs.
987 3891 1011 3938 ἢ.

1070 4043 1135 4097 'sm
