2422 4162
114 211 153 268 10
175 224 685 269 um1.-s.hunnmhu1nsuou
710 222 810 266 nrrsc.
836 223 875 265 ur
897 222 990 266 cour.
1035 207 1073 265 37

93 323 346 395 illisahhutibus,
356 323 462 381 amoto
476 339 567 397 oper·
600 322 748 396 Mirtyris
764 321 909 396 reliquioe
924 322 957 378 in
972 319 1075 380 eccle·

91 404 199 475 torio,
232 402 468 478 conspexerunt
502 405 567 461 ictu
602 404 648 460 sia
662 404 724 477 ipsi
737 403 841 460 dictita
854 419 955 477 usque
970 403 1076 460 adhuc

93 482 217 543 secriris
228 483 363 542 ille'esum
378 489 483 558 caput.
494 484 568 553 Qui·
602 482 838 554 remanserunt,
856 483 1077 558 quamvisper

93 566 155 623 bus
180 562 275 623 etiam
301 569 396 623 nocte
422 563 568 639 sequenti
603 564 666 621 duo
676 563 793 621 seecula
805 563 988 638 expilttaeet
1001 579 1076 620 con-

93 646 181 703 idem
197 644 500 720 sanctusappuruit,
519 645 567 702 di·
603 644 751 702 cremttae
786 642 917 702 creditae
946 641 1074 701 fuerint.

94 742 193 784 cens:
213 726 330 783 Scitote
349 742 400 783 me
420 742 478 800 per
499 742 568 782 eam
602 723 707 782 Medio
727 724 793 781 lere
811 723 930 782 se'eculo
950 722 1076 782 de'cimo

94 805 279 864 cicatricem
290 823 386 880 quam
399 805 568 864 vidistisin
603 822 689 863 nono
706 803 889 879 sepulcrum
907 806 991 877 eius,
1010 806 1076 862 Deo

94 887 199 962 cipite
218 884 404 960 martyrium
422 903 569 944 consum·
603 884 808 960 providente,
826 886 884 942 luit
896 883 1075 959 repertum,

93 967 210 1025 messe.
227 968 367 1041 Exque,
385 967 472 1041 quod
488 983 569 1025 mar·
603 967 749 1040 factique
773 964 938 1024 sacrorum
960 964 1076 1023 beatis-

94 1052 146 1120 tyr
160 1051 260 1119 esset,
277 1047 415 1105 innotuit
428 1046 567 1122 populis,
604 1048 676 1104 simi
685 1046 833 1119 Mirtyris
846 1045 1016 1120 pignorum
1029 1063 1077 1104 re·

95 1129 171 1203 quia
202 1144 268 1185 non
286 1127 411 1185 .ltderat
437 1127 570 1184 historia
605 1126 802 1200 cognitione,
823 1125 966 1184 fidelium
983 1143 1078 1184 vene·

95 1208 266 1283 passionis.
296 1208 402 1265 Sancti
425 1207 570 1282 Eutropii
605 1207 721 1264 rationi
736 1205 897 1264 re'dditum
913 1212 970 1264 est.

96 1288 252 1347 memoria
275 1289 335 1346 suh
363 1287 570 1362 sequentibus
644 1289 682 1345 ln
692 1289 789 1345 Laud.
801 1288 1006 1345 Commems.
1016 1289 1077 1345 Eu-

95 1367 296 1444 temporibus
320 1369 353 1426 in
377 1373 443 1426 tota
471 1369 571 1427 Gillia
606 1370 707 1442 tropii.
737 1369 809 1426 Ant.
840 1368 927 1427 Filiae
952 1367 1078 1426 Jerusa-

96 1448 235 1509 celehris
273 1449 355 1507 facta
390 1453 452 1506 est·
485 1449 571 1506 Belti
605 1449 678 1506 lem.

671 1570 761 1575 «......-...
776 1571 809 1575 -
815 1570 864 1575 .—.
891 1572 901 1576 ..
908 1569 1075 1578 -n—

324 1636 336 1657 ’
446 1683 594 1744 unsri
622 1683 730 1743 niun

287 1822 380 1873 utun
709 1822 742 1871 nt
760 1822 791 1872 11.
810 1822 979 1872 noorunno
1059 1806 1062 1811 '

147 1905 289 1963 SANCTI
309 1906 524 1964 AURELIANI
760 1921 873 1964 necno
896 1924 928 1963 rv

97 2001 249 2045 tentorio.
277 2001 379 2043 nr1sc.
408 2002 447 2044 Er
476 2002 568 2044 cour.
610 1985 838 2122 Aeserninus
873 1991 904 2043 et
937 1984 1080 2044 Andreas

270 2067 403 2140 Duplex.
672 2068 757 2140 apud
772 2065 962 2124 Lemovicos
980 2065 1079 2124 ethni-

138 2147 249 2205 Omniu
259 2147 297 2203 de
313 2146 472 2204 Communi
484 2148 570 2221 Cous.
607 2145 1078 2221 caesuperstitionisponiifiees,

97 2226 202 2300 Pont,
215 2231 404 2301 praeierseq.
606 2228 733 2285 beitum
770 2227 945 2285 Murtiulcm
984 2228 1081 2285 fidem

137 2308 385 2382 PridieudVesp.
398 2309 569 2381 fituCupit.
607 2308 724 2366 Christi
750 2308 1000 2382 praedicentem,
1026 2309 1080 2366 Ila·

98 2388 135 2445 de
151 2389 183 2446 S.
200 2388 382 2460 Aureliano,
399 2406 467 2446 cum
485 2390 571 2446 Com·
603 2389 671 2465 ¹gris
684 2404 814 2459 caesum‚
827 2404 899 2446 cum
913 2389 1081 2463 Alpiniino

97 2484 189 2527 mem.
212 2469 347 2542 proeced.
374 2473 404 2526 et
423 2469 476 2527 SS.
501 2470 573 2526 Gor·
608 2472 638 2526 et
651 2468 898 2526 Austricliniino
914 2469 947 2526 in
967 2466 1081 2527 obscu-

98 2548 186 2605 dicuri
204 2553 234 2606 et
255 2548 418 2622 Epimachi
436 2550 520 2620 Mm,
542 2549 573 2606 in
608 2547 1079 2621 rumcirceremconjecerunt.

97 2628 239 2687 Breuiur.
609 2629 709 2699 Quem
731 2646 803 2686 cum
829 2627 1005 2686 clarissima
1028 2630 1082 2686 lux

279 2725 396 2767 omino
609 2708 762 2767 divinitus
795 2707 893 2766 affusa
926 2709 1082 2784 postridie

98 2805 250 2926 Duos,
279 2791 334 2864 qui
359 2805 418 2864 per
446 2789 574 2847 bettum
609 2789 840 2859 collustrisset‚
870 2793 901 2847 et
928 2791 1013 2847 iores
1041 2790 1082 2846 ad

163 2869 505 2942 Martiilem,senotum
514 2872 574 2927 Au·
608 2886 721 2944 preces
745 2869 936 2927 sanctissimi
962 2869 1082 2927 antisti-

99 2948 259 3007 reliltnum
280 2967 298 3007 a
320 2949 454 3008 mortuis
476 2951 574 3008 susci·
608 2950 649 3007 tis
671 2954 783 3024 sponte
804 2949 995 3024 patuissent,
1018 2954 1084 3007 tota

99 3029 194 3102 tisri,
220 3033 251 3089 et
280 3030 383 3087 eidem
411 3029 574 3089 successo·
610 3030 737 3088 eivitite
758 3029 878 3103 ingenti
900 3029 1083 3087 terraemoiu

100 3127 169 3168 rem
199 3108 320 3183 elegisti
338 3131 344 3167 :
362 3111 418 3182 du,
447 3110 574 3185 quo'esu-
611 3108 783 3181 concussa,
798 3110 946 3167 horribili
963 3109 1083 3166 tonitru

100 3207 188 3262 mus,
217 3191 286 3262 ejus
313 3191 375 3265 piis
401 3191 573 3264 suffrigiiS,
610 3192 818 3266 personinte,
841 3189 1030 3249 Aureliinus
1054 3195 1084 3246 et

100 3287 159 3328 nos
174 3268 346 3329 detumulo
362 3271 512 3329 vitiorum
527 3289 575 3328 re·
610 3269 752 3330 Andreas
773 3272 829 3329 icti
852 3270 984 3329 fulmine
1011 3286 1083 3345 per-

100 3348 248 3425 surgere,
263 3351 374 3426 sicque
389 3351 575 3409 meritorum
611 3350 725 3410 ierunt.

100 3432 171 3505 eius
181 3430 353 3506 participes
365 3431 451 3504 ficri,
464 3437 498 3489 ut
509 3437 575 3489 tan·
651 3433 684 3503 ti.
702 3430 822 3489 Inveni.

101 3512 176 3569 dem
201 3516 233 3569 te
258 3512 439 3570 meretmur
462 3511 575 3587 perpe·
646 3509 654 3527 '
771 3528 926 3571 Lucrrov

101 3596 157 3650 tuo
173 3593 395 3667 contempliri.
413 3594 473 3650 Per
486 3594 556 3650 Dru.
613 3609 761 3729 Thurri
783 3594 829 3650 rei
851 3593 990 3651 novitite
1014 3610 1085 3668 per·
1124 3654 1127 3660 ,

212 3687 245 3737 1N
262 3688 281 3737 1.
298 3687 465 3739 NOCTURNO
680 3673 773 3744 moti,
791 3673 936 3747 plerique
956 3691 1025 3732 sese
1044 3674 1085 3732 nd

142 3753 226 3811 Leet.
244 3753 406 3827 descript.
425 3771 526 3813 occur.
614 3755 731 3812 Christi
759 3754 856 3811 fidem
889 3753 1083 3828 adjunxer03

164 3863 314 3928 trumhere]
822 3877 850 3915 n.
865 3876 951 3915 unns.
1010 3865 1034 3913 u
