2416 4162
147 302 165 357 9
183 301 260 357 Dee.
275 333 312 341 -
328 301 586 357 Manifestationis
601 303 728 357 Immac.
747 303 781 356 V.
799 303 915 358 Mariae.
977 295 1014 350 19

93 423 198 481 supra
213 406 321 463 crucis
333 405 438 478 signo,
457 406 541 462 binis
578 405 691 464 tesimo
705 405 947 480 quadragesimo
967 423 1013 463 se-

93 483 540 557 interiusadjectiscdrdibus,
578 485 700 557 crindo,
717 485 1014 558 legitimoecclesia-

96 568 200 624 dltero
217 565 323 622 dbsito
336 565 451 638 spinis,
466 565 541 622 alte·
578 567 665 623 sticae
673 567 869 623 auctoritatis
877 566 1014 622 testimd-

96 643 541 704 roensetransfdssoduben-
578 647 1015 719 niocomprobdtumnrgen-

96 729 122 784 ti
142 725 267 799 Virgini
288 725 393 798 paruit
418 723 538 798 puella3
578 727 672 784 torbti
693 726 835 783 Juddieis
855 731 943 783 ortus
962 744 1015 800 pa-

99 822 236 880 remque
266 803 417 862 divinitus
452 803 540 861 acce·
577 805 1016 876 rentibus,in0rientemiter

100 891 186 960 ptam
203 882 338 943 eventus
353 886 541 958 comproba·
577 887 697 942 faciens
711 885 892 958 Alphdnsus
908 887 1015 943 Romae

103 968 154 1024 vit.
171 967 234 1022 Vix
246 965 331 1021 enim
345 980 463 1022 novum
478 966 540 1021 Nu·
578 965 769 1022 substiterat.
780 966 841 1023 Ubi
855 983 926 1022 cum
940 967 1015 1022 ami-

100 1047 215 1105 misma
227 1046 260 1101 in
278 1045 389 1117 vulgus
403 1044 538 1118 prddiit,
579 1045 686 1102 citiam
711 1063 784 1103 eum
806 1045 906 1102 ndbili
927 1046 1013 1116 viro,

99 1127 187 1184 illico
214 1143 234 1182 a
263 1123 539 1194 christifidelibus,
579 1142 616 1182 ex
645 1125 760 1182 ha'eresi
789 1127 828 1181 ad
859 1125 1014 1182 cathdlica

99 1208 147 1264 uti
163 1204 278 1278 religio
299 1205 389 1261 Matri
411 1204 546 1261 sanctis,
578 1223 668 1262 sacra
691 1204 864 1277 convers0,
894 1205 1015 1278 junxis-

99 1288 191 1344 simae
210 1285 372 1359 pergrata,
394 1285 456 1341 coli
474 1301 541 1341 cer·
579 1291 639 1358 set;
661 1287 703 1356 is,
727 1284 939 1343 adolescentis
958 1287 1014 1342 mi-

98 1367 190 1424 taum
203 1382 243 1422 ac
255 1365 369 1438 gestari
384 1369 539 1438 coeptum;
579 1367 700 1422 seratus
715 1366 834 1437 vicem,
852 1367 938 1422 omni
954 1382 1014 1438 ope

98 1449 133 1504 in
152 1446 254 1504 Gallia
275 1445 428 1518 primum,
450 1461 539 1514 mox,
579 1444 743 1502 contendit
774 1451 808 1502 ut
843 1447 932 1503 illum
974 1447 1014 1502 ad

99 1526 317 1602 probantibus
359 1523 539 1598 episcopis,
578 1543 686 1584 veram
702 1527 817 1582 Christi
830 1525 1015 1599 religidnem

100 1606 225 1680 ubique
252 1605 421 1662 terrdrum.
446 1605 542 1678 Cujus
578 1603 770 1663 traduceret.
800 1607 885 1662 Nihil
910 1612 1015 1662 tamen

100 1684 303 1761 augescentis
319 1685 352 1741 in
368 1685 437 1742 die's
453 1701 542 1742 reve·
578 1687 687 1744 verbis
701 1685 900 1760 prosectum3
918 1703 1016 1742 unum

99 1762 542 1825 rentiaeacfidilciaeidcausae
579 1769 642 1824 hoc
665 1767 882 1839 impetratum,
903 1772 938 1823 ut
962 1768 1017 1822 he·

100 1849 178 1919 fuit,
196 1847 285 1920 quod
306 1863 325 1902 a
339 1845 466 1918 Virgine
486 1862 542 1902 re·
579 1846 686 1903 bra'eus
700 1849 797 1903 homo
812 1864 938 1904 sacrum
947 1845 1017 1904 Dei·

101 1925 259 2002 spiciente
280 1923 417 1999 phirima
441 1930 543 1999 patra·
579 1944 666 2000 parae
698 1927 859 1983 Numisma
888 1943 904 1983 e
934 1927 1017 1983 collo

100 2008 220 2065 bantur
234 2006 315 2063 mira
327 2021 384 2062 seu
398 2003 544 2079 cdrporis
580 2006 724 2080 pendens
739 2005 886 2064 deferret.
904 2008 1019 2062 Preces

101 2085 256 2146 aeriimnis
290 2086 450 2156 levandis,
488 2102 544 2142 seu
580 2087 707 2143 interim
730 2103 788 2159 pro
811 2103 849 2143 eo
864 2086 904 2142 ad
920 2085 1018 2157 Virgi-

101 2168 219 2225 animis
241 2182 259 2223 e
277 2164 429 2223 vitidrum
449 2183 543 2223 coeno
581 2183 653 2223 nem
671 2167 905 2223 Immaculatam
926 2166 1017 2222 adhi-

102 2246 268 2306 eruendis.
580 2247 746 2304 bebantur.
769 2247 835 2303 Nee
855 2246 910 2302 diu
924 2247 1019 2318 Virgo

143 2332 176 2399 m.
195 2327 263 2400 Ego
276 2342 314 2383 ex
329 2324 544 2383 oreAltissimi
581 2327 708 2384 exorata
716 2325 1019 2383 auxiliumconse'rre

103 2404 544 2482 prodivi‚primogenitaante
582 2406 713 2463 distulit.
745 2408 840 2475 Nam,
871 2423 943 2463 cum
969 2406 1019 2462 Al-

104 2504 234 2544 omnem
258 2483 435 2543 creaturam
458 2506 464 2542 :
487 2499 544 2558 ego
581 2486 723 2560 phdnsus
741 2487 894 2560 templum
918 2487 1018 2542 sancti

103 2568 167 2625 feci
191 2568 224 2623 in
240 2566 328 2623 caelis
349 2570 383 2622 ut
407 2564 545 2623 oriretur
581 2565 716 2624 Andreae
744 2567 776 2622 in
810 2567 882 2623 vico
911 2581 1018 2622 nemo-

103 2649 213 2705 lumen
224 2645 425 2703 indeficiens.
439 2646 544 2702 *Non-
582 2645 683 2720 rensi,
699 2647 794 2719 vulgo
808 2647 885 2703 detta
899 2647 1015 2716 Fratte,

104 2728 181 2784 dum
199 2730 289 2782 erant
303 2724 425 2798 abyssi,
442 2731 473 2782 et
487 2740 545 2799 ego
582 2724 713 2785 fortuitu
722 2727 781 2783 sub
794 2725 961 2783 meridiem
972 2741 1019 2782 es·

102 2809 168 2880 jam
199 2804 354 2880 concepta
381 2822 478 2862 eram.
509 2809 530 2870 V
583 2811 630 2864 set
665 2804 843 2878 ingressus,
889 2805 1020 2879 repente

104 2888 191 2943 Deus
206 2887 291 2942 enim
307 2885 427 2943 creavit
447 2902 498 2943 me
513 2887 545 2942 in
583 2887 628 2943 illi
648 2887 734 2943 aedes
753 2886 919 2943 obscurtni
933 2886 1019 2954 visa,

103 2966 242 3039 justitia,
269 2970 300 3022 et
334 2964 547 3040 apprehendit
584 2984 647 3023 una
674 2965 805 3039 excepta
832 2965 1021 3038 Archangeli

107 3062 236 3103 manum
253 3062 372 3116 meam,
391 3050 420 3102 et
441 3046 546 3103 serva·
583 3045 746 3104 Michae'lis
762 3047 856 3117 cella,
873 3046 958 3102 unde
976 3046 1021 3101 vi-

106 3127 153 3184 vit
167 3142 228 3184 me.
245 3127 406 3183 Nondum.
584 3126 690 3183 vidior
709 3131 820 3184 contra
838 3127 892 3182 lux
907 3125 1022 3182 emind-

246 3207 353 3264 Lectio
370 3224 399 3263 v.
585 3209 648 3264 bat.
679 3208 724 3263 Eo
756 3207 847 3277 dum,
887 3204 1022 3262 horrdre

136 3301 159 3342 u
186 3287 237 3342 his
260 3286 338 3343 illud
363 3302 429 3359 prae
456 3285 547 3342 cabte-
585 3285 767 3360 corre'ptus,
789 3285 926 3343 advertit
949 3285 1023 3342 dcu-

104 3307 129 3423 Ι
158 3366 204 3422 ris
212 3366 390 3423 memordtu
400 3367 545 3438 dignum,
585 3368 650 3437 loS,
672 3384 747 3424 ecce
763 3368 809 3424 illi
824 3367 916 3424 beata
928 3367 1023 3438 Virgo

106 3446 196 3519 quod
209 3445 548 3520 AlphdusoRatisbdn-
585 3446 682 3505 Maria
704 3446 965 3521 conspiciendam
990 3463 1023 3503 se

107 3543 148 3582 ne
163 3527 274 3583 Romae
283 3525 548 3598 cdntigitdecimo
585 3529 707 3600 praebet
729 3529 817 3584 vultu
838 3527 1021 3595 mitissimo,

108 3604 203 3663 tirtio
212 3605 372 3663 Kalendas
383 3607 549 3663 Februarii
587 3607 688 3682 edque
700 3608 809 3665 habitu
818 3625 881 3682 quo
890 3609 922 3664 in
932 3622 1023 3663 sacro

108 3702 193 3743 anno
209 3685 548 3758 millesimooctingen·
587 3687 782 3745 Numismate
797 3687 942 3745 refertur.
959 3687 1023 3742 Cae-
