2416 4162
199 222 218 279 2
238 236 334 278 sonu.
351 252 389 261 -
405 235 431 276 S.
456 234 590 277 Porruru
611 232 713 275 unse.
736 233 776 273 ur
799 232 868 274 soo.
893 232 990 273 usur.
1045 217 1084 273 25

89 339 212 393 mento
229 330 432 409 incorrupta,
448 333 512 391 tide
531 332 578 390 in·

89 418 208 491 tegra,
230 412 347 474 virtute
372 413 498 472 devota.
523 415 578 471 Ar·
730 445 732 449 ν
805 396 899 446 D1E11

90 500 169 555 mat
183 512 244 555 nos
256 493 426 570 Apostolus
442 495 575 553 dicens:
654 480 706 538 SS·
730 480 896 537 POTfflNl
921 481 1043 539 EPISC·

94 574 231 635 lndirito
244 592 332 633 arma
346 575 420 646 Dei,
432 579 467 632 ut
477 573 578 648 possi-
692 569 855 628 BLANDINAE
875 569 1005 628 VIRGINIS

96 658 144 715 tis
159 655 308 714 resistere
328 657 361 712 in
381 656 433 712 die
450 654 578 730 nequis·
721 674 762 715 ur
784 674 852 716 soc.
876 674 974 716 Msnr.

99 738 198 796 simo.
237 737 411 794 induimur
444 736 578 793 loricam
649 739 907 811 Semiduptex'nd
921 738 1049 797 libitum.

95 817 249 893 justitiae,
270 820 435 875 utcontra
456 815 578 874 inimici
653 819 763 876 Omnia
787 820 825 877 de
858 820 973 877 Comm.
1000 822 1084 893 plur.

96 899 210 975 incula
230 897 387 955 munitum
407 898 447 954 sit
467 902 579 970 pectus
613 899 716 971 Mart,
729 905 846 972 proeter
859 917 919 974 seq.

100 978 578 1039 sttutum.Caloeitisintovan-
791 996 908 1038 onsno

101 1058 209 1135 golioo
221 1057 414 1133 magisttrio,
427 1059 580 1115 etarmiti
672 1059 825 1118 inrunou
848 1060 993 1132 tuorum,
1023 1061 1087 1119 Do-

101 1141 221 1216 pedes3
237 1144 271 1196 ut
284 1156 357 1197 cum
372 1155 505 1214 serpens
517 1140 578 1196 cal·
693 1141 798 1209 mine,
824 1140 968 1213 Pothini,
994 1142 1085 1198 Blan-

102 1221 173 1280 citri
188 1220 314 1279 anobis
329 1219 478 1293 coeperit,
495 1237 580 1277 mor·
614 1220 698 1278 dinae
725 1225 755 1279 et
779 1221 941 1279 sociorum
964 1223 1085 1296 palmas

102 1301 183 1361 dore
214 1305 245 1359 et
276 1300 479 1374 supplantire
514 1317 579 1357 non
614 1301 718 1359 innuo
734 1302 917 1360 celebritite
931 1303 1084 1361 venerin-

101 1383 218 1459 possit,
254 1379 419 1455 Porttmus
455 1385 579 1438 scutum
613 1386 676 1454 tes,
692 1381 853 1456 supplices
869 1389 900 1440 te
914 1384 1082 1457 rogtmus:

101 1462 196 1535 ndei,
206 1479 270 1536 quo
280 1459 477 1537 protegtnte‚
488 1461 578 1535 quid·
613 1467 662 1534 ut,
676 1480 757 1536 quos
767 1463 867 1536 gloria
880 1463 998 1522 caele'sti
1013 1465 1085 1521 sub·

102 1543 186 1619 quid
226 1543 386 1616 jaculitur
430 1541 579 1599 inimicus
612 1543 745 1616 timisti,
768 1545 861 1601 nobis
880 1544 1004 1619 ptrpeti
1024 1545 1085 1601 sut·

102 1624 208 1700 possit
240 1621 406 1696 exstingui.
436 1622 578 1696 Accipiit·
612 1623 713 1697 frigio
729 1623 888 1681 concidas
901 1624 1083 1683 subvenire.

102 1722 177 1762 mus
197 1704 237 1761 ad
256 1701 472 1778 tegumtntum
491 1703 577 1777 cipi·
613 1705 673 1761 Per
687 1702 858 1761 Dominum
874 1711 1020 1762 nostrum
1034 1707 1086 1762 Je-

101 1786 146 1843 tis
175 1784 296 1859 gileam
324 1783 515 1855 mutirem,
546 1789 579 1840 ut
613 1801 683 1841 sum
698 1785 869 1842 Christum.

102 1865 291 1925 muniitntur
316 1865 426 1936 ituros,
457 1880 498 1921 ne
526 1863 578 1921 iu·
724 1881 756 1928 ln
774 1881 793 1928 l.
811 1881 979 1930 nocrussno

103 1946 197 2005 (liant
220 1945 324 2004 edicta
347 1945 456 2002 iertlia
482 1965 487 2001 :
512 1962 579 2001 mu·
652 1946 809 2003 Lectiones
819 1947 856 2003 de
866 1946 1025 2019 Scriptura
1038 1963 1086 2002 oc-

102 2027 236 2086 nitantur
259 2025 360 2097 oculi,
387 2042 426 2082 ne
451 2024 580 2083 videant
614 2031 738 2083 current
759 2072 764 2083 .

104 2107 292 2165 detesttinda
304 2106 473 2163 simultcra
489 2126 494 2162 :
513 2123 580 2162 mu·
720 2123 753 2171 m
767 2122 798 2170 lt.
816 2121 981 2171 NOGTURNO

105 2189 213 2247 nititur
224 2188 375 2258 frons‚ut
385 2187 509 2260 signum
522 2187 579 2244 Dei
767 2202 933 2244 oror1o1v

104 2268 267 2326 incolume
282 2266 427 2326 servitur
439 2287 445 2324 :
458 2267 579 2323 munii·
667 2271 895 2325 Enrissnuus
914 2265 1084 2338 Pothinus,

103 2352 159 2407 tur
177 2366 229 2420 os,
247 2353 280 2406 ut
299 2346 469 2405 Dominum
487 2364 578 2404 suum
674 2346 1083 2423 Lugdunensisepiscopus

105 2430 268 2489 Christum
285 2428 400 2486 victrix
415 2429 521 2502 lingua
535 2427 578 2484 ta·
614 2429 828 2502 nonagentrio
839 2429 952 2502 major,
961 2429 1002 2485 ob
1016 2427 1085 2485 cor·

104 2509 220 2568 tottur.
239 2507 405 2566 Arme'mus
425 2512 455 2565 et
470 2506 577 2565 dirite-
613 2510 701 2581 poris
719 2510 934 2566 infirmititem
953 2509 1007 2566 vix
1021 2508 1083 2582 spi·

106 2607 175 2647 ram
203 2589 309 2664 glidio
338 2588 514 2662 spirituili‚
546 2592 579 2645 ut
612 2590 708 2646 ritum
720 2591 865 2661 trahens,
880 2590 937 2646 sed
951 2607 1018 2663 prae
1033 2607 1085 2647 cu-

106 2668 265 2729 sacrificia
299 2667 422 2726 funtsta
456 2668 580 2726 fortiter
612 2669 744 2743 pidittte
766 2669 907 2744 Martyrii
925 2671 1005 2726 mira
1023 2670 1086 2726 ala·

106 2750 246 2827 rispuat.
291 2752 329 2807 Et
372 2748 579 2807 Eucharistiae
613 2750 724 2807 critite
744 2751 842 2807 inimi
861 2750 1019 2820 firmitus,
1043 2750 1085 2806 ad

106 2847 230 2890 memor
241 2848 312 2905 quae
321 2829 449 2887 Domini
462 2846 580 2903 corpus
612 2829 752 2887 tribunal
786 2830 981 2888 trahehitur.
1016 2830 1085 2898 Quo

107 2910 246 2986 accipit,
263 2912 367 2985 ipsum
385 2910 578 2983 complecti·
613 2910 774 2984 perlitus,
818 2908 1086 2984 prosequtntibus

106 2996 168 3065 tur,
186 2989 480 3066 posteaaDomino
496 3007 579 3047 sum·
613 2990 717 3063 ipsum
747 2991 980 3063 magistrttibus
1009 2991 1084 3047 civi-

107 3071 199 3147 ptirra
218 3072 386 3146 przbmium
406 3069 579 3129 caelistium
613 3071 701 3142 titis,
718 3076 749 3128 et
764 3070 911 3128 univorsa
928 3070 1021 3143 plebe
1033 3071 1087 3127 vtt-

107 3153 312 3212 ooronitrum.
614 3152 670 3208 riis
685 3168 757 3208 eum
773 3150 968 3208 elamoribus
985 3151 1085 3223 impe-

146 3236 184 3291 In
217 3235 262 3290 ΙΙ.
297 3234 380 3306 Vesp.
412 3234 576 3290 comment.
613 3230 713 3302 tonte,
731 3237 891 3306 tamquam
907 3232 975 3304 ipso
997 3232 1085 3288 Chri·

106 3315 157 3373 SS.
174 3315 317 3386 Pothini,
338 3315 500 3370 Biandinoe
521 3316 576 3369 etc.
614 3317 681 3369 stus
696 3317 795 3383 osset,
810 3311 970 3385 ogrtgtum
986 3310 1087 3369 &didit

106 3396 196 3454 Mart.
212 3396 326 3452 Antei
342 3396 375 3460 γ.
393 3396 430 3450 cie
444 3395 471 3450 I.
492 3394 576 3466 Vesp.
613 3392 840 3450 testimonium.
873 3392 1087 3465 Interrogitus

103 3477 230 3549 plurim.
248 3477 338 3533 Mart.
613 3490 631 3529 a
660 3472 797 3546 praeside
826 3475 971 3547 quisnam
1004 3478 1087 3529 esset

146 3558 263 3615 Deinde
282 3558 317 3629 fit
340 3558 503 3613 Comnrenr.
525 3555 575 3611 SS.
614 3553 866 3611 Christianorum
901 3555 1001 3622 Deus,
1039 3570 1087 3610 re-

107 3638 291 3708 Murcettini,
307 3637 393 3694 Petri
409 3641 438 3694 et
456 3636 580 3693 Erasini
614 3634 765 3708 spondit:
784 3635 816 3691 Si
836 3635 950 3708 dignus
969 3631 1084 3705 fueris,

108 3718 199 3776 Mart.
221 3718 292 3775 Ant.
313 3717 577 3787 etil.‹ieLo11d.,
614 3714 799 3789 cognosces.

110 3799 139 3856 in
155 3802 270 3857 Contni.
284 3799 410 3872 plurim.
426 3798 516 3855 Mart.
654 3797 687 3866 ti.
706 3797 823 3855 Sancti.

949 3905 976 3956 t.
