2422 4162
268 251 301 294 nv
323 250 423 292 πετο
445 250 668 292 msmmmoms
691 251 785 291 cnm.
810 251 921 293 vnvm.
1046 237 1082 294 61

105 350 258 407 mortales
273 354 304 406 et
317 348 578 422 incorruptibiles
613 349 652 405 sti
677 370 683 405 :
709 349 765 405 sed
789 351 888 422 magis
915 353 1010 407 tantae
1038 351 1085 408 rei

105 431 197 503 facit3
216 431 250 487 id
270 434 332 502 est,
354 429 490 486 societas
510 430 578 503 ipsa
613 429 846 487 sacrambntum
867 430 907 486 ad
926 430 1084 502 judicium

106 509 315 569 sanctorum:
338 511 393 567 ubi
417 527 478 584 pax
500 511 575 581 erit,
612 510 673 567 sibi
686 509 857 568 mandicat
868 516 898 569 et
908 511 999 582 bibit,
1011 512 1085 584 quia

104 596 136 649 et
155 590 260 649 imitas
281 591 375 665 plena
394 594 488 664 atque
507 607 577 664 per·
612 589 796 648 immimdus
817 589 1020 665 praestimpsit
1043 592 1084 647 ad

105 671 200 730 ficta.
237 669 409 746 Propttrea
441 671 575 744 quippe,
613 672 730 728 Christi
740 670 894 729 accbdere
906 669 1084 728 saciamin-

104 755 188 810 sicut
214 750 307 809 itiam
332 755 404 808 ante
428 768 488 808 nos
511 752 576 809 hoc
611 755 657 823 ta,
681 769 752 826 quae
771 752 886 825 siliquis
905 768 969 808 non
990 752 1084 824 digne

103 831 328 891 intellextrunt
340 830 486 889 hbmines
501 832 574 904 Dei,
612 833 718 904 sumit,
731 833 791 889 nisi
801 833 856 906 qui
869 832 1008 889 mundus
1019 838 1080 905 est;

103 913 577 972 DbminusnosterJesusChri-
612 913 652 969 de
679 913 795 986 quibus
823 912 968 970 dicitur:
997 913 1084 970 betti

103 999 172 1052 stus
196 1010 314 1068 corpus
338 998 368 1050 et
392 992 577 1065 singuinem
611 994 731 1050 mundo
741 991 1010 1067 corde,qubniam
1022 995 1083 1068 ipsi

103 1092 196 1133 suum
207 1075 240 1132 in
252 1075 298 1132 eis
307 1075 404 1131 rebus
416 1090 576 1131 commen·
611 1074 712 1131 Deum
727 1073 892 1131 vidibunt.

103 1155 203 1226 divit,
214 1171 284 1229 quae
294 1155 335 1212 ad
348 1171 446 1212 unum
456 1154 577 1227 Aliquid
651 1155 685 1224 lb.
700 1155 783 1211 Misit
798 1171 859 1213 me.

102 1233 293 1309 redigimtur
303 1252 341 1292 ex
352 1235 470 1292 multis.
483 1236 576 1291 Nam·
761 1251 875 1294 maevio
897 1251 929 1292 1x

104 1333 168 1391 que
183 1316 269 1374 iliud
282 1316 314 1372 in
330 1332 428 1373 unum
444 1331 482 1371 ex
497 1316 576 1371 mul·
659 1331 762 1387 istm,
785 1317 905 1390 inquit,
928 1316 1012 1373 misit
1031 1333 1082 1373 me

102 1398 144 1454 tis
158 1397 264 1470 granis
279 1396 448 1455 conficitur
466 1416 471 1452 :
490 1394 576 1452 iliud
678 1397 790 1454 vivens
823 1398 925 1468 Pater,
962 1401 992 1454 et
1023 1411 1081 1470 ego

102 1477 136 1534 in
158 1494 258 1535 unum
283 1493 321 1535 ex
344 1476 451 1534 multis
475 1475 576 1533 ticinis
609 1476 684 1534 vivo
713 1482 845 1551 propter
870 1479 994 1535 Patrem
1019 1497 1024 1533 ε
1052 1481 1082 1534 et

103 1556 247 1615 cbntluit.
271 1555 415 1631 Diuique
432 1558 499 1629 jam
519 1573 574 1613 ex·
610 1557 666 1630 qui
685 1556 857 1616 mandicat
876 1575 942 1629 me,
964 1562 995 1615 et
1012 1558 1081 1631 ipse

101 1637 194 1713 pbnit
201 1636 365 1712 qutimodo
372 1637 404 1694 id
413 1637 477 1708 fiat,
487 1637 575 1710 quod
609 1638 696 1695 vivet
710 1643 841 1712 propter
856 1655 916 1696 me.
931 1641 975 1695 Ac
990 1638 1016 1694 si
1032 1637 1080 1695 di-

100 1717 245 1792 lbquitur
263 1739 268 1774 :
287 1723 318 1775 et
332 1717 410 1792 quid
430 1719 470 1774 sit
488 1734 575 1774 man·
610 1722 719 1776 ceret:
743 1720 782 1776 Ut
804 1734 861 1792 ego
883 1720 988 1776 vivam
1007 1735 1080 1791 pro-

102 1798 222 1856 ducite
236 1815 353 1873 corpus
368 1799 447 1872 eJ‘us‚
461 1801 492 1854 et
505 1797 574 1854 sain·
609 1803 680 1872 pter
692 1799 833 1871 Patrem,
852 1799 886 1855 id
902 1804 964 1870 est,
984 1798 1025 1855 ad
1045 1799 1080 1855 il-

101 1881 229 1954 guinem
245 1878 366 1936 bibere.
609 1879 675 1935 lum
690 1883 851 1953 tamquam
866 1880 906 1935 ad
926 1877 1080 1952 majbrem

141 1960 175 2029 a.
193 1961 255 2030 Qui
269 1957 449 2018 mandicat.
609 1957 745 2017 riseram
762 1961 859 2017 vitam
880 1977 998 2032 meam,
1015 1961 1078 2017 exi-

140 2040 274 2100 Bened.
303 2039 453 2099 Divinum
485 2039 573 2097 auxi·
610 2039 729 2097 nanitio
753 2057 823 2097 mea
844 2041 934 2112 fecit,
957 2041 989 2096 in
1017 2057 1080 2114 qua

99 2121 190 2179 lium.
608 2137 659 2177 me
683 2122 778 2178 misit.
803 2122 842 2178 Ut
863 2119 967 2178 Autem
992 2122 1077 2194 quis-

242 2218 354 2260 mzcvlo
377 2219 433 2260 v111
609 2218 704 2274 quam
730 2203 816 2260 vivat
848 2206 981 2276 propter
1010 2218 1076 2272 me,

163 2299 202 2341 111
237 2281 409 2341 mandicat
444 2299 573 2340 carnem
607 2282 1078 2356 partieipitiofacit,quaman-

102 2297 289 2445 offlam,
314 2368 344 2421 et
365 2362 446 2420 bibit
467 2379 573 2421 meum
608 2360 704 2419 diicat
725 2380 785 2420 me.
808 2364 873 2436 Ego
892 2362 999 2437 itaque
1021 2363 1077 2419 hu-

99 2443 302 2517 singuinem
327 2445 360 2500 in
378 2461 430 2501 me
450 2448 570 2514 manet,
607 2442 746 2501 milibtus
770 2444 844 2501 vivo
869 2449 1001 2518 propter
1021 2442 1078 2499 Pa-

99 2528 130 2581 et
145 2539 204 2598 ego
219 2525 252 2581 in
267 2524 334 2581 illo.
352 2525 421 2582 Hoc
434 2528 482 2581 est
497 2538 572 2597 ergo
606 2525 688 2581 trem
720 2544 725 2581 :
758 2525 812 2581 ille
847 2522 972 2581 erictus
1000 2523 1079 2580 vivit

98 2604 295 2663 manducire
328 2605 416 2661 illam
447 2621 569 2675 escam,
605 2608 738 2678 propter
748 2621 808 2661 me.
824 2605 854 2661 Si
863 2604 1019 2662 butemita
1031 2603 1076 2660 di·

98 2688 129 2741 et
150 2685 240 2742 illum
260 2684 372 2742 bibere
390 2689 516 2758 potum,
538 2686 570 2741 in
606 2688 692 2741 ctum
707 2689 769 2756 est,
784 2686 863 2742 Vivo
877 2689 1008 2758 propter
1021 2684 1077 2740 Pa-

97 2765 225 2823 Christo
250 2764 395 2837 manbre,
424 2769 454 2822 et
481 2765 570 2822 illum
604 2769 696 2836 trem,
713 2766 786 2840 quia
799 2767 868 2839 ipse
882 2766 922 2822 de
934 2766 1001 2836 illo,
1012 2781 1077 2820 non

96 2841 279 2904 manentem
308 2847 341 2904 in
372 2862 406 2903 se
439 2843 568 2903 habire.
605 2845 658 2902 ille
672 2846 711 2902 de
726 2847 796 2920 ipso
812 2851 879 2903 est:
898 2847 966 2903 sine
982 2846 1076 2903 detri-

96 2926 142 2983 Ac
157 2927 301 3000 perhoc‚
318 2927 450 3000 quinon
466 2930 571 2982 manet
605 2924 712 2983 minto
741 2926 930 3000 aequalitbtis
957 2926 1076 2982 dietum

96 3007 131 3063 in
152 3007 296 3078 Christo,
314 3011 344 3064 et
365 3007 398 3063 in
418 3023 482 3080 quo
505 3023 570 3063 non
605 3011 662 3062 est.
678 3008 744 3064 Nee
756 3012 861 3063 tamen
875 3004 1026 3076 dictndm
1039 3006 1077 3062 Et

96 3091 205 3145 manet
219 3088 374 3158 Christus,
387 3087 500 3161 procul
514 3085 570 3143 d1'1-
605 3087 660 3160 qui
679 3085 849 3143 mandicat
870 3103 936 3158 me,
959 3091 989 3142 et
1007 3086 1076 3158 ipse

95 3167 151 3224 bio
174 3184 234 3225 nee
255 3165 426 3225 mandicat
446 3167 570 3241 spiriti·
605 3168 691 3224 vivet
721 3171 853 3241 propter
881 3183 932 3224 me
957 3187 962 3223 :
993 3166 1075 3222 eim-

94 3247 170 3305 liter
182 3264 311 3306 carnem
325 3249 405 3320 ejus,
418 3265 479 3305 nec
489 3248 570 3304 bibit
606 3248 678 3304 dem
688 3251 813 3304 suamet
821 3251 963 3303 nostram
970 3263 1075 3320 aequa-

96 3328 166 3399 ejus
185 3328 386 3402 singuinem,
407 3329 481 3386 licet
499 3344 568 3384 car·
604 3328 723 3385 litatem
772 3327 978 3400 significbvit‚
1018 3327 1075 3383 sed

94 3408 211 3466 uiliter
239 3413 270 3466 et
299 3407 469 3468 visibiliter
499 3425 569 3481 pre·
605 3408 735 3480 gritiam
760 3407 945 3466 mediatbris
970 3405 1074 3464 ostin-

93 3494 160 3547 mat
173 3487 323 3548 dintibus
336 3488 569 3547 saeramtntum
605 3489 661 3545 dit.

94 3569 243 3646 cbrporis
258 3574 289 3628 et
303 3569 466 3643 singuinis
479 3570 566 3628 Chri·
645 3571 689 3626 Te
703 3571 802 3627 Deum
817 3569 994 3627 laudetmus.
